@book{resnick2003probability,
  title={A Probability Path},
  author={Resnick, S.},
  isbn={9780817640552},
  lccn={98217499},
  series={A Probability Path},
  url={https://books.google.com.mx/books?id=T9-PMDSVDNsC},
  year={2003},
  publisher={Birkh{\"a}user Boston}
}
