% This file was created with JabRef 2.10.
% Encoding: ISO8859_1


@Article{CruzCancino2010,
  Title                    = {High order local linearization methods: AnÂ approachÂ for constructing A-stable explicit schemes forÂ stochasticÂ differential equations with additive noise},
  Author                   = {De la Cruz Cancino, H. and Biscay, R.J. and Jimenez, J.C. and Carbonell, F. and Ozaki, T.},
  Year                     = {2010},
  Doi                      = {10.1007/s10543-010-0272-6},
  ISSN                     = {0006-3835},
  Language                 = {English},
  Number                   = {3},
  Pages                    = {509-539},
  Url                      = {http://dx.doi.org/10.1007/s10543-010-0272-6},
  Volume                   = {50},

  Journal                  = {BIT Numerical Mathematics},
  Keywords                 = {Local Linearization method; Stochastic differential equations; Additive noise; Numerical integration; A-stability; 65C30; 60H10; 60H35},
  Publisher                = {Springer Netherlands}
}

