% This file was created with JabRef 2.10.
% Encoding: ISO8859_1


@Book{Artemiev1997,
  Title                    = {Numerical Analysis of Systems of Ordinary and Stochastic Differential Equations},
  Author                   = {Artemiev, S.S. and Averina, T.A.},
  Year                     = {1997},
  ISBN                     = {9789067642507},
  Publisher                = {VSP}
}

