@book{milstein2004stochastic,
  title={Stochastic Numerics for Mathematical Physics},
  author={Milstein, G.N. and Tretyakov, M.V.},
  isbn={9783540211105},
  lccn={2004103618},
  series={Scientific Computation},
  url={https://books.google.com.mx/books?id=C8xqQgAACAAJ},
  year={2004},
  publisher={Springer Berlin Heidelberg}
}
