@book{khasminskii2011stochastic,
  title={Stochastic Stability of Differential Equations},
  author={Khasminskii, R. and Milstein, G.N.},
  isbn={9783642232800},
  lccn={2011938642},
  series={Stochastic Modelling and Applied Probability},
  url={https://books.google.com.mx/books?id=4hT60oIArOUC},
  year={2011},
  publisher={Springer Berlin Heidelberg}
}
