% This file was created with JabRef 2.10.
% Encoding: ISO8859_1


@Book{FormanS.Acton228,
  Title                    = {{Numerical Methods That Work}},
  Author                   = {Acton, Forman S.},
  Publisher                = {MAA},
  Year                     = {1990},
  Month                    = {Jan},

  Identifiers              = {amazon:0883854503,isbn:9780883854501,google:cGnSMGSE5Y4C},
  ISBN                     = {978-08-8385-450-1}
}

@Book{DavidR.Adams333,
  Title                    = {{Function Spaces and Potential Theory}},
  Author                   = {Adams, David R. and Hedberg, Lars I.},
  Publisher                = {Springer},
  Year                     = {1999},
  Month                    = {Jul},

  Identifiers              = {amazon:3540570608,isbn:9783540570608,google:Ax3vAAAAMAAJ},
  ISBN                     = {978-35-4057-060-8}
}

@Book{J.E.Akin235,
  Title                    = {{Object-Oriented Programming via Fortran 90/95}},
  Author                   = {Akin, J. E.},
  Publisher                = {Cambridge University Press},
  Year                     = {2003},
  Month                    = {Jan},

  Identifiers              = {isbn:9780521524087,google:1JDUc5qR7dIC},
  ISBN                     = {978-05-2152-408-7}
}

@Book{AsumanG.Aksoy327,
  Title                    = {{A Problem Book in Real Analysis}},
  Author                   = {Aksoy, Asuman G. and Khamsi, Mohamed A.},
  Publisher                = {Springer},
  Year                     = {2009},
  Month                    = {Dec},

  Identifiers              = {amazon:1441912959,isbn:9781441912954,google:sYKItgAACAAJ},
  ISBN                     = {978-14-4191-295-4}
}

@Book{CharalambosD.Aliprantis182,
  Title                    = {{Problems in Real Analysis, Second Edition}},
  Author                   = {Aliprantis, Charalambos D. and Burkinshaw, Owen},
  Publisher                = {Academic Press},
  Year                     = {1998},
  Month                    = {Oct},

  Identifiers              = {amazon:0120502534,isbn:9780120502530,google:6yBmQgAACAAJ},
  ISBN                     = {978-01-2050-253-0}
}

@Book{CharalambosD.Aliprantis183,
  Title                    = {{Principles of Real Analysis}},
  Author                   = {Aliprantis, Charalambos D. and Burkinshaw, Owen},
  Publisher                = {Academic Press},
  Year                     = {1998},
  Month                    = {Mar},

  Identifiers              = {amazon:0120502577,isbn:9780120502578,google:m40ivUwAonUC},
  ISBN                     = {978-01-2050-257-8}
}

@Book{EdwardAllen76,
  Title                    = {{Modeling With It�� Stochastic Differential Equations}},
  Author                   = {Allen, Edward},
  Publisher                = {Springer},
  Year                     = {2007},
  Month                    = {Mar},

  Identifiers              = {isbn:9781402059537,google:w7qyvAH2kaYC},
  ISBN                     = {978-14-0205-953-7}
}

@Book{LindaJ.S.Allen204,
  Title                    = {{Difference Equations and Discrete Dynamical Systems: Proceedings of the 9th International Conference University of Southern California, Los Angeles, California, USA, 2-7 August 2004}},
  Author                   = {Allen, Linda J. S. and Aulbach, Bernd and Elaydi, Saber and Sacker, Robert},
  Publisher                = {World Scientific Pub Co Inc},
  Year                     = {2005},
  Month                    = {Dec},

  Identifiers              = {amazon:9812565205,isbn:9789812565204},
  ISBN                     = {978-98-1256-520-4}
}

@Book{M.P.Allen106,
  Title                    = {{Computer Simulation of Liquids}},
  Author                   = {Allen, M. P. and Tildesley, D. J.},
  Publisher                = {Clarendon Press},
  Year                     = {1987},
  Month                    = {Jun},

  Identifiers              = {amazon:0198556454,isbn:9780198553755,google:ibURAQAAIAAJ},
  ISBN                     = {978-01-9855-375-5}
}

@Book{HerbertAmann70,
  Title                    = {{Analysis II}},
  Author                   = {Amann, Herbert and Escher, Joachim},
  Publisher                = {Springer},
  Year                     = {1999},
  Month                    = {Jan},

  Identifiers              = {amazon:3764374721,isbn:9783764374723,google:mCmEZ-UtFBEC},
  ISBN                     = {978-37-6437-472-3}
}

@Book{LuigiAmbrosio451,
  Title                    = {{Gradient Flows: In Metric Spaces and in the Space of Probability Measures}},
  Author                   = {Ambrosio, Luigi and Gigli, Nicola and Savar{\'e}, Giuseppe},
  Publisher                = {Birkh{\"a}user Basel},
  Year                     = {2005},
  Month                    = {Jan},

  Identifiers              = {amazon:3764387211,isbn:9783764324285,google:HZqhWIq1-jgC},
  ISBN                     = {978-37-6432-428-5}
}

@Book{GeorgeA.Anastassiou383,
  Title                    = {{The History of Approximation Theory: From Euler to Bernstein}},
  Author                   = {Anastassiou, George A. and Steffens, Karl-Georg},
  Publisher                = {Birkh{\"a}user},
  Year                     = {2005},
  Month                    = {Dec},

  Identifiers              = {amazon:0817643532,isbn:9780817643539,google:zzyqNAEACAAJ},
  ISBN                     = {978-08-1764-353-9}
}

@Book{VadimS.Anishchenko68,
  Title                    = {{Nonlinear Dynamics of Chaotic and Stochastic Systems: Tutorial and Modern Developments}},
  Author                   = {Anishchenko, Vadim S. and Astakhov, Vladimir and Neiman, Alexander and Vadivasova, Tatjana and Schimansky-Geier, Lutz},
  Publisher                = {Springer},
  Year                     = {2007},
  Month                    = {Feb},

  Identifiers              = {amazon:3540381643,isbn:9783540381648,google:0gZnNQEACAAJ},
  ISBN                     = {978-35-4038-164-8}
}

@Book{TomApostol110,
  Title                    = {{Calculo}},
  Author                   = {Apostol, Tom},
  Publisher                = {Revert{\'e}},
  Year                     = {1994},
  Month                    = {Feb},

  Identifiers              = {amazon:9686708103,isbn:9789686708103,google:2ximNQAACAAJ},
  ISBN                     = {978-96-8670-810-3}
}

@Book{TomM.Apostol252,
  Title                    = {{Mathematical Analysis}},
  Author                   = {Apostol, Tom M.},
  Publisher                = {Addison Wesley},
  Year                     = {1974},
  Month                    = {Oct},

  Identifiers              = {amazon:0201002884,isbn:9780201002881,card:7211473,google:Le5QAAAAMAAJ},
  ISBN                     = {978-02-0100-288-1}
}

@Book{TomM.Apostol253,
  Title                    = {{Calculus}},
  Author                   = {Apostol, Tom M.},
  Publisher                = {Reverte},
  Year                     = {1969},
  Month                    = {Jan},

  Identifiers              = {amazon:9686708111,isbn:9789686708110,google:LiI\_c4R9tx4C},
  ISBN                     = {978-96-8670-811-0}
}

@Book{GeorgeB.Arfken142,
  Title                    = {{Mathematical Methods for Physicists}},
  Author                   = {Arfken, George B. and Weber, Hans J. and Harris, Frank E.},
  Publisher                = {Elsevier},
  Year                     = {2005},
  Month                    = {Jun},

  Identifiers              = {amazon:0123846544,isbn:9780120598762,google:A3Cg0690XhYC},
  ISBN                     = {978-01-2059-876-2}
}

@Book{VladimirI.Arnold420,
  Title                    = {{Ordinary Differential Equations}},
  Author                   = {Arnol'd, Vladimir I. and Arnold, Vladimir I. and Cooke, Roger},
  Publisher                = {New York},
  Year                     = {1992},
  Month                    = {May},

  Identifiers              = {amazon:0387548130,isbn:9780387548135,google:isesQgAACAAJ},
  ISBN                     = {978-03-8754-813-5}
}

@Book{LudwigArnold287,
  Title                    = {{Random Dynamical Systems}},
  Author                   = {Arnold, Ludwig},
  Publisher                = {Springer},
  Year                     = {1998},
  Month                    = {Jan},

  Identifiers              = {amazon:3540637583,isbn:9783540637585,google:W5AY5A3S2kQC},
  ISBN                     = {978-35-4063-758-5}
}

@Book{LudwigArnold288,
  Title                    = {{Stochastic Differential Equations}},
  Author                   = {Arnold, Ludwig},
  Publisher                = {Wiley},
  Year                     = {1973},
  Month                    = {Jan},

  Identifiers              = {amazon:0486482367,isbn:9780486482361,google:Tw\_vAAAAMAAJ},
  ISBN                     = {978-04-8648-236-1}
}

@Book{GeorgeA.Articolo309,
  Title                    = {{Partial differential equations and boundary value problems with Maple}},
  Author                   = {Articolo, George A.},
  Publisher                = {Academic Press},
  Year                     = {2009},
  Month                    = {Apr},

  Identifiers              = {isbn:9780123747327},
  ISBN                     = {978-01-2374-732-7}
}

@Book{RobertB.Ash305,
  Title                    = {{Real Variables With Basic Metric Space Topology}},
  Author                   = {Ash, Robert B.},
  Publisher                = {Dover Publications, Incorporated},
  Year                     = {2009},
  Month                    = {May},

  Identifiers              = {isbn:9780486472201,google:SIjFPgAACAAJ},
  ISBN                     = {978-04-8647-220-1}
}

@Book{RobertB.Ash16,
  Title                    = {{Measure, Integration, and Functional Analysis}},
  Author                   = {Ash, Robert B.},
  Publisher                = {Academic Press},
  Year                     = {1972},
  Month                    = {Sep},

  Identifiers              = {isbn-13:9780120652600,google:8bM-AAAAIAAJ}
}

@Book{RobertB.Ash17,
  Title                    = {{Basic Probability Theory}},
  Author                   = {Ash, Robert B.},
  Publisher                = {Dover Publications},
  Year                     = {1970},
  Month                    = {Jan},

  Identifiers              = {isbn:9780486466286},
  ISBN                     = {978-04-8646-628-6}
}

@Book{RobertB.Ash18,
  Title                    = {{Probability and Measure Theory}},
  Author                   = {Ash, Robert B. and Dol{\'e}ans-Dade, Catherine},
  Publisher                = {Academic Press},
  Year                     = {2000},
  Month                    = {Sep},

  Identifiers              = {isbn:9780120652020},
  ISBN                     = {978-01-2065-202-0}
}

@Book{RobertB.Ash336,
  Title                    = {{Topics in Stochastic Processes}},
  Author                   = {Ash, Robert B. and Gardner, Melvin F.},
  Publisher                = {Academic Pr},
  Year                     = {1975},
  Month                    = {Sep},

  Identifiers              = {amazon:0120652706,isbn:9780120652709,google:Bd1QAAAAMAAJ},
  ISBN                     = {978-01-2065-270-9}
}

@Book{KrishnaB.Athreya450,
  Title                    = {{Measure Theory and Probability Theory}},
  Author                   = {Athreya, Krishna B. and Lahiri, Soumendra N.},
  Publisher                = {Springer},
  Year                     = {2006},
  Month                    = {Jul},

  Identifiers              = {amazon:038732903X,isbn:9780387329031,google:9tv0taI8l6YC},
  ISBN                     = {978-03-8732-903-1}
}

@Book{SheldonAxler147,
  Title                    = {{Linear Algebra Done Right Second Edition}},
  Author                   = {Axler, Sheldon},
  Publisher                = {Springer, New York},
  Year                     = {1997},
  Month                    = {Sep},

  Identifiers              = {amazon:B004JBX2KG}
}

@Book{SheldonAxler146,
  Title                    = {{Linear Algebra Done Right}},
  Author                   = {Axler, Sheldon},
  Publisher                = {Springer},
  Year                     = {1996},
  Month                    = {Jan},

  Identifiers              = {amazon:0387982582,isbn:9780387982595,google:ovIYVIlithQC},
  ISBN                     = {978-03-8798-259-5}
}

@Book{BettySchrampferAzar74,
  Title                    = {{Understanding and Using English Grammar: Teacher's Guide}},
  Author                   = {Azar, Betty Schrampfer},
  Publisher                = {Longman Publishing Group},
  Year                     = {2001},
  Month                    = {Aug},

  Identifiers              = {isbn:9780139586798,google:BEbxPgAACAAJ},
  ISBN                     = {978-01-3958-679-8}
}

@Book{BettySchrampferAzar73,
  Title                    = {{Understanding and Using English Grammar: A Reference Grammar}},
  Author                   = {Azar, Betty Schrampfer},
  Publisher                = {Longman Publishing Group},
  Year                     = {1999},
  Month                    = {Aug},

  Identifiers              = {amazon:0139587039,isbn:9780139587030,google:ADywQQAACAAJ},
  ISBN                     = {978-01-3958-703-0}
}

@Book{J.Azema436,
  Title                    = {{Seminaire de Probabilites XIV: 1978/79}},
  Author                   = {Azema, J. and Yor, M.},
  Publisher                = {Springer},
  Year                     = {1980},
  Month                    = {Mar},

  Identifiers              = {amazon:3540097600,isbn:9783540097600,google:8RW2oQEACAAJ},
  ISBN                     = {978-35-4009-760-0}
}

@Book{R.Balescu231,
  Title                    = {{Transport Processes in Plasmas: Neoclassical Transport}},
  Author                   = {Balescu, R.},
  Publisher                = {North-Holland},
  Year                     = {1988},
  Month                    = {Dec},

  Identifiers              = {amazon:044487092X,isbn:9780444870926,google:NZgiAQAAIAAJ},
  ISBN                     = {978-04-4487-092-6}
}

@Book{RaduBalescu275,
  Title                    = {{Transport Processes in Plasmas: Classical Transport}},
  Author                   = {Balescu, Radu},
  Publisher                = {North-Holland},
  Year                     = {1988},
  Month                    = {Dec},

  Identifiers              = {amazon:0444870911,isbn:9780444870919,google:aYUmAQAAIAAJ},
  ISBN                     = {978-04-4487-091-9}
}

@Book{RaduBalescu276,
  Title                    = {{Equilibrium and Nonequilibrium Statistical Mechanics}},
  Author                   = {Balescu, Radu},
  Publisher                = {Wiley},
  Year                     = {1975},
  Month                    = {Dec},

  Identifiers              = {amazon:0471046000,isbn:9780471046004,google:5QVRAAAAMAAJ},
  ISBN                     = {978-04-7104-600-4}
}

@Book{RaduBalescu274,
  Title                    = {{Aspects of Anomalous Transport in Plasmas}},
  Author                   = {Balescu, Radu and Publishing, Institute Of Physics},
  Publisher                = {IOP Pub.},
  Year                     = {2005},
  Month                    = {Apr},

  Identifiers              = {amazon:0750310308,isbn:9780750310307,google:Yaupom\_qdKIC},
  ISBN                     = {978-07-5031-030-7}
}

@Book{MichaelFieldingBarnsley179,
  Title                    = {{Fractals Everywhere}},
  Author                   = {Barnsley, Michael Fielding},
  Publisher                = {Academic Press},
  Year                     = {1988},
  Month                    = {Dec},

  Identifiers              = {amazon:0120790629,isbn:9780120790623,google:DW3vAAAAMAAJ},
  ISBN                     = {978-01-2079-062-3}
}

@Book{RobertG.Bartle321,
  Title                    = {{Solutions Manual to a Modern Theory of Integration}},
  Author                   = {Bartle, Robert G.},
  Publisher                = {Amer Mathematical Society},
  Year                     = {2001},
  Month                    = {Apr},

  Identifiers              = {amazon:0821828215,isbn:9780821828212},
  ISBN                     = {978-08-2182-821-2}
}

@Book{RobertGardnerBartle40,
  Title                    = {{A modern theory of integration}},
  Author                   = {Bartle, Robert Gardner},
  Publisher                = {American Mathematical Soc.},
  Year                     = {2001},
  Month                    = {Aug},

  Identifiers              = {isbn:9780821808450},
  ISBN                     = {978-08-2180-845-0}
}

@Book{RobertG.Bartle319,
  Title                    = {{The Elements of Integration and Lebesgue Measure}},
  Author                   = {Bartle, Robert G.},
  Publisher                = {Wiley},
  Year                     = {1995},
  Month                    = {Sep},

  Identifiers              = {isbn:0471042226},
  ISBN                     = {04-7104-222-6}
}

@Book{RobertG.Bartle318,
  Title                    = {{Introduction to Real Analysis}},
  Author                   = {Bartle, Robert G.},
  Publisher                = {Wiley},
  Year                     = {1982},
  Month                    = {Jan},

  Identifiers              = {isbn:9780471321484,douban:1770570,google:Sj7vAAAAMAAJ},
  ISBN                     = {978-04-7132-148-4}
}

@Book{RobertG.Bartle449,
  Title                    = {{Introduction to Real Analysis}},
  Author                   = {Bartle, Robert G. and Sherbert, Donald R.},
  Publisher                = {Wiley},
  Year                     = {2011},
  Month                    = {Jan},

  Identifiers              = {amazon:0471433314,isbn:9780471433316,google:ulveQwAACAAJ},
  ISBN                     = {978-04-7143-331-6}
}

@Book{HeinzBauer144,
  Title                    = {{Measure and Integration Theory}},
  Author                   = {Bauer, Heinz and Burckel, Robert B.},
  Publisher                = {de Gruyter},
  Year                     = {2001},
  Month                    = {Jan},

  Identifiers              = {amazon:3110167190,isbn:9783110167191,google:5mskCf1wKPkC},
  ISBN                     = {978-31-1016-719-1}
}

@Book{HerbertStanleyBear375,
  Title                    = {{A Primer of Lebesgue Integration}},
  Author                   = {Bear, Herbert Stanley},
  Publisher                = {Academic Press},
  Year                     = {2002},
  Month                    = {Sep},

  Identifiers              = {isbn:9780120839711},
  ISBN                     = {978-01-2083-971-1}
}

@Book{MartinBecker43,
  Title                    = {{Principles and Applications of Variational Methods}},
  Author                   = {Becker, Martin},
  Publisher                = {M.I.T. Press},
  Year                     = {1964},
  Month                    = {Sep},

  Identifiers              = {amazon:0262020092,isbn:9780262020091,google:-rNzQgAACAAJ},
  ISBN                     = {978-02-6202-009-1}
}

@Book{EhrhardBehrends334,
  Title                    = {{Lp-Structure in Real Banach Spaces}},
  Author                   = {Behrends, Ehrhard},
  Publisher                = {Springer-Verlag},
  Year                     = {1977},
  Month                    = {Apr},

  Identifiers              = {isbn:354008441X,google:lznvAAAAMAAJ},
  ISBN                     = {35-4008-441-X}
}

@Book{CarlM.Bender238,
  Title                    = {{Advanced Mathematical Methods for Scientists and Engineers}},
  Author                   = {Bender, Carl M. and Orszag, Steven A.},
  Publisher                = {Mcgraw-Hill College},
  Year                     = {1984},
  Month                    = {Jan}
}

@Book{DimitriP.Bertsekas164,
  Title                    = {{Convex Analysis and Optimization}},
  Author                   = {Bertsekas, Dimitri P. and Nedi{\'c}, Angelia and Ozdaglar, Asuman E.},
  Publisher                = {Athena Scientific},
  Year                     = {2003},
  Month                    = {Oct},

  Identifiers              = {amazon:1886529450,isbn:9781886529458,google:DaOFQgAACAAJ},
  ISBN                     = {978-18-8652-945-8}
}

@Book{DimitriP.Bertsekas475,
  Title                    = {{Parallel and Distributed Computation: Numerical Methods}},
  Author                   = {Bertsekas, Dimitri P. and Tsitsiklis, John N.},
  Publisher                = {Athena Scientific},
  Year                     = {1997},
  Month                    = {Jan},

  Identifiers              = {amazon:1886529019,isbn:9781886529014,google:Brd4QgAACAAJ},
  ISBN                     = {978-18-8652-901-4}
}

@Book{RabiBhattacharya225,
  Title                    = {{Random Dynamical Systems: Theory and Applications}},
  Author                   = {Bhattacharya, Rabi and Majumdar, Mukul},
  Publisher                = {Cambridge University Press},
  Year                     = {2007},
  Month                    = {Jan},

  Identifiers              = {amazon:0521532728,isbn:0521532728},
  ISBN                     = {05-2153-272-8}
}

@Book{PatrickBillingsley82,
  Title                    = {{Probability and Measure}},
  Author                   = {Billingsley, Patrick},
  Publisher                = {Wiley},
  Year                     = {1976},
  Month                    = {Jan},

  Identifiers              = {amazon:0471804789,isbn:9780471804789,google:Q2IPAQAAMAAJ},
  ISBN                     = {978-04-7180-478-9}
}

@Book{NicholasH.Bingham180,
  Title                    = {{Regular Variations}},
  Author                   = {Bingham, Nicholas H. and Goldie, Charles M. and Teugels, Jef L.},
  Publisher                = {Cambridge University Press},
  Year                     = {1987},
  Month                    = {Sep},

  Identifiers              = {isbn:9780521307871,google:7xRhQgAACAAJ},
  ISBN                     = {978-05-2130-787-1}
}

@Book{PhilippeBlanchard54,
  Title                    = {{Variational Methods in Mathematical Physics: A Unified Approach}},
  Author                   = {Blanchard, Philippe and Bruning, Erwin},
  Publisher                = {Springer},
  Year                     = {1982},
  Month                    = {Jan},

  Identifiers              = {amazon:0387161902,isbn:9780387161907,google:\_puGQgAACAAJ},
  ISBN                     = {978-03-8716-190-7}
}

@Book{VladimirI.Bogachev71,
  Title                    = {{Measure Theory}},
  Author                   = {Bogachev, Vladimir I.},
  Publisher                = {Springer},
  Year                     = {2006},
  Month                    = {Nov},

  Identifiers              = {amazon:3540345132,isbn:9783540345138,google:300NNAEACAAJ},
  ISBN                     = {978-35-4034-513-8}
}

@Book{A.I.Borisenko105,
  Title                    = {{Vector and Tensor Analysis With Applications}},
  Author                   = {Borisenko, A. I. and Tarapov, I. E.},
  Publisher                = {Courier Dover Publications},
  Year                     = {2012},
  Month                    = {Aug},

  Identifiers              = {isbn:9780486131900,google:8eO7AQAAQBAJ},
  ISBN                     = {978-04-8613-190-0}
}

@Book{N.Bourbaki136,
  Title                    = {{General Topology: Chapters 5-10}},
  Author                   = {Bourbaki, N.},
  Publisher                = {Springer},
  Year                     = {1998},
  Month                    = {Aug},

  Identifiers              = {amazon:3540645632,isbn:9783540645634,google:bQwhdmL6IjUC},
  ISBN                     = {978-35-4064-563-4}
}

@Book{WilliamE.Boyce173,
  Title                    = {{Elementary Differential Equations and Boundary Value Problems}},
  Author                   = {Boyce, William E. and Diprima, Richard C.},
  Publisher                = {Wiley},
  Year                     = {2000},
  Month                    = {Aug},

  Identifiers              = {amazon:0470458313,isbn:9780471319993,google:ePs\_AQAAIAAJ},
  ISBN                     = {978-04-7131-999-3}
}

@Book{StephenP.Boyd317,
  Title                    = {{Convex Optimization}},
  Author                   = {Boyd, Stephen P. and Vandenberghe, Lieven},
  Publisher                = {Cambridge University Press},
  Year                     = {2004},
  Month                    = {Mar},

  Identifiers              = {amazon:0521833787,isbn:9780521833783,google:mYm0bLd3fcoC},
  ISBN                     = {978-05-2183-378-3}
}

@Book{M.Braun166,
  Title                    = {{Differential Equations and Their Applications: An Introduction to Applied Mathematics}},
  Author                   = {Braun, M.},
  Publisher                = {Springer},
  Year                     = {1991},
  Month                    = {Dec},

  Identifiers              = {amazon:0387908064,isbn:9780387908069},
  ISBN                     = {978-03-8790-806-9}
}

@Book{LeoBreiman402,
  Title                    = {{Probability}},
  Author                   = {Breiman, Leo},
  Publisher                = {SIAM},
  Year                     = {1968},
  Month                    = {Sep},

  Identifiers              = {isbn:9780898712964},
  ISBN                     = {978-08-9871-296-4}
}

@Book{RichardL.Burden410,
  Title                    = {{Numerical Analysis}},
  Author                   = {Burden, Richard L. and Faires, John Douglas},
  Publisher                = {CENGAGE Learning},
  Year                     = {2010},
  Month                    = {Aug},

  Identifiers              = {amazon:0538735635,isbn:9780538733519,google:zXnSxY9G2JgC},
  ISBN                     = {978-05-3873-351-9}
}

@Book{RichardL.Burden293,
  Title                    = {{Numerical Analysis}},
  Author                   = {Burden, Richard L. and Faires, J. Douglas},
  Publisher                = {Brooks/Cole},
  Year                     = {1978},
  Month                    = {Jan},

  Identifiers              = {amazon:0534382169,isbn:9780534382162,google:7ofAQgAACAAJ},
  ISBN                     = {978-05-3438-216-2}
}

@Book{FrankBurk217,
  Title                    = {{Lebesgue Measure and Integration: An Introduction}},
  Author                   = {Burk, Frank},
  Publisher                = {Wiley-IEEE},
  Year                     = {1998},
  Month                    = {Sep},

  Identifiers              = {isbn:9780471179788},
  ISBN                     = {978-04-7117-978-8}
}

@Book{J.C.Burkill384,
  Title                    = {{The Lebesgue Integral}},
  Author                   = {Burkill, J. C.},
  Publisher                = {Cambridge University Press},
  Year                     = {2004},
  Month                    = {Jun},

  Identifiers              = {isbn:9780521604802},
  ISBN                     = {978-05-2160-480-2}
}

@Book{ShawJamesByrnie363,
  Title                    = {{Vector Calculus: With Applications to Physics}},
  Author                   = {Byrnie, Shaw James},
  Publisher                = {BiblioBazaar},
  Year                     = {2009},
  Month                    = {Jul},

  Identifiers              = {isbn:9781110821068,google:5U7zISQRfzYC},
  ISBN                     = {978-11-1082-106-8}
}

@Book{StephenL.Campbell236,
  Title                    = {{Modeling and Simulation in Scilab/Scicos With ScicosLab 4.4}},
  Author                   = {Campbell, Stephen L. and Chancelier, Jean-Philippe and Nikoukhah, Ramine},
  Publisher                = {Springer},
  Year                     = {2009},
  Month                    = {Dec},

  Identifiers              = {amazon:1441955267,isbn:9781441955265,google:pVmdO\_1bYxUC},
  ISBN                     = {978-14-4195-526-5}
}

@Book{EwartCarson437,
  Title                    = {{Modelling Methodology for Physiology and Medicine}},
  Author                   = {Carson, Ewart and Cobelli, Claudio and Bronzino, Joseph},
  Publisher                = {Academic Press},
  Year                     = {2000},
  Month                    = {Oct},

  Identifiers              = {amazon:0121602451,isbn:9780121602451,google:2PXUnQEACAAJ},
  ISBN                     = {978-01-2160-245-1}
}

@Book{MichaelCarter289,
  Title                    = {{The Lebesgue-Stieltjes Integral: A Practical Introduction}},
  Author                   = {Carter, Michael and Brunt, Bruce Van},
  Publisher                = {Springer},
  Year                     = {2000},
  Month                    = {Jan},

  Identifiers              = {isbn:0387950125},
  ISBN                     = {03-8795-012-5}
}

@Book{Jean-PhilippeChancelier24,
  Title                    = {{Introduction {\`a} SCILAB}},
  Author                   = {Chancelier, Jean-Philippe and Delebecque, F. and Gomez, C. and Goursat, M and Nikoukhah, R and Steer, S},
  Publisher                = {Springer},
  Year                     = {2007},
  Month                    = {Feb},

  Identifiers              = {isbn:9782287252471},
  ISBN                     = {978-22-8725-247-1}
}

@Book{B.Chapman356,
  Title                    = {{Parallel Computing: From Multicores and GPU's to Petascale}},
  Author                   = {Chapman, B. and Desprez, F. and Joubert, G. R. and Lichnewsky, A. and Peters, F. and Priol, T.},
  Publisher                = {IOS Press},
  Year                     = {2010},
  Month                    = {Apr},

  Identifiers              = {amazon:1607505290,isbn:9781607505297,google:DqX-aWwIEJsC},
  ISBN                     = {978-16-0750-529-7}
}

@Book{StephenJ.Chapman299,
  Title                    = {{Fortran 95/2003 for Scientists and Engineers}},
  Author                   = {Chapman, Stephen J.},
  Publisher                = {McGraw-Hill},
  Year                     = {2008},
  Month                    = {Jan},

  Identifiers              = {isbn:9780073191577,google:YZIISgAACAAJ},
  ISBN                     = {978-00-7319-157-7}
}

@Book{ElliottW.Cheney429,
  Title                    = {{Introduction to Approximation Theory}},
  Author                   = {Cheney, Elliott W.},
  Publisher                = {AMS Chelsea Pub.},
  Year                     = {1982},
  Month                    = {Jan},

  Identifiers              = {amazon:0821813749,isbn:9780821813744,google:OLezcSwX6JoC},
  ISBN                     = {978-08-2181-374-4}
}

@Book{IanChivers131,
  Title                    = {{Introduction to Programming With Fortran: With Coverage of Fortran 90, 95, 2003, 2008 and 77}},
  Author                   = {Chivers, Ian and Sleightholme, Jane},
  Publisher                = {Springer},
  Year                     = {2012},
  Month                    = {Feb},

  Identifiers              = {amazon:0857292323,isbn:9780857292322,google:FWAGULJjZQUC},
  ISBN                     = {978-08-5729-232-2}
}

@Book{IanDavidChivers185,
  Title                    = {{Introduction to programming with Fortran: with coverage of Fortran 90, 95, 2003, and 77}},
  Author                   = {Chivers, Ian David and Sleighthome, Jane},
  Publisher                = {Birkh{\"a}user},
  Year                     = {2006},
  Month                    = {Apr},

  Identifiers              = {isbn:9781846280535},
  ISBN                     = {978-18-4628-053-5}
}

@Book{YuanShihChow47,
  Title                    = {{Probability Theory}},
  Author                   = {Chow, Yuan Shih and Teicher, Henry},
  Publisher                = {Springer},
  Year                     = {1978},
  Month                    = {Jan},

  Identifiers              = {isbn:9780387406077,douban:2851493,google:O\_bEUkG10fMC},
  ISBN                     = {978-03-8740-607-7}
}

@Book{KaiLaiChung129,
  Title                    = {{A Course in Probability Theory}},
  Author                   = {Chung, Kai Lai},
  Publisher                = {Academic Press},
  Year                     = {2001},
  Month                    = {Sep},

  Identifiers              = {isbn:9780121741518},
  ISBN                     = {978-01-2174-151-8}
}

@Book{WilliamCoffey64,
  Title                    = {{The Langevin Equation: With Applications to Stochastic Problems in Physics, Chemistry and Electrical Engineering}},
  Author                   = {Coffey, William and Kalmykov, Yu. P. and Waldron, J. T.},
  Publisher                = {World Scientific},
  Year                     = {2004},
  Month                    = {Jan},

  Identifiers              = {amazon:9812384626,isbn:9789812384621,google:U7EtngEACAAJ},
  ISBN                     = {978-98-1238-462-1}
}

@Book{SusanJaneColley307,
  Title                    = {{Vector Calculus}},
  Author                   = {Colley, Susan Jane},
  Publisher                = {Pearson Education, Limited},
  Year                     = {2011},
  Month                    = {Sep},

  Identifiers              = {amazon:0321780655,isbn:9780321780652,google:gvo2uQAACAAJ},
  ISBN                     = {978-03-2178-065-2}
}

@Book{EdwinHaleConnell297,
  Title                    = {{Elements of Abstract and Linear Algebra}},
  Author                   = {Connell, Edwin Hale and Mathematics, University of Miami. Dept. Of},
  Publisher                = {University of Miami, Dept. of Mathematics},
  Year                     = {2001},
  Month                    = {Sep}
}

@Book{DavidG.Costa125,
  Title                    = {{An invitation to variational methods in differential equations}},
  Author                   = {Costa, David G.},
  Publisher                = {Birkh{\"a}user},
  Year                     = {2007},
  Month                    = {Feb},

  Identifiers              = {isbn:9780817645359},
  ISBN                     = {978-08-1764-535-9}
}

@Book{C.Costara133,
  Title                    = {{Exercises in Functional Analysis}},
  Author                   = {Costara, C. and Popa, D.},
  Publisher                = {Springer},
  Year                     = {2003},
  Month                    = {Sep},

  Identifiers              = {amazon:1402015607,isbn:9781402015601,google:iZ1962\_xt7sC},
  ISBN                     = {978-14-0201-560-1}
}

@Book{Courant162,
  Title                    = {{Introduction to Calculus and Analysis}},
  Author                   = {Courant},
  Publisher                = {Springer},
  Year                     = {2004},
  Month                    = {Jan},

  Identifiers              = {amazon:8181281683,isbn:9788181281685,google:oNfpPwAACAAJ},
  ISBN                     = {978-81-8128-168-5}
}

@Book{RichardCourant90,
  Title                    = {{Methods of mathematical physics}},
  Author                   = {Courant, Richard and Hilbert, David},
  Publisher                = {Wiley},
  Year                     = {1989},
  Month                    = {Feb},

  Identifiers              = {isbn:9780471504474},
  ISBN                     = {978-04-7150-447-4}
}

@Book{RichardCourant122,
  Title                    = {{Methods of Mathematical Physics, Vol. 2}},
  Author                   = {Courant, Richard and Hilbert, D.},
  Publisher                = {Wiley-VCH},
  Year                     = {1953},
  Month                    = {Jan},

  Identifiers              = {amazon:0471504394,isbn:9780471504399,google:MBujcQAACAAJ},
  ISBN                     = {978-04-7150-439-9}
}

@Book{RichardCourant89,
  Title                    = {{Introducci{\'o}n al c{\'a}lculo y al an{\'a}lisis matem{\'a}tico}},
  Author                   = {Courant, Richard and John, Fritz},
  Publisher                = {Limusa},
  Year                     = {2005},
  Month                    = {Jun},

  Identifiers              = {isbn:9789681806408},
  ISBN                     = {978-96-8180-640-8}
}

@Book{RichardCourant124,
  Title                    = {{Introduction to Calculus and Analysis: 2}},
  Author                   = {Courant, Richard and John, Fritz},
  Publisher                = {Wiley Interscience},
  Year                     = {1974},
  Month                    = {May},

  Identifiers              = {amazon:0471178624,isbn:9780471178620,google:erePmwEACAAJ},
  ISBN                     = {978-04-7117-862-0}
}

@Book{RichardCourant88,
  Title                    = {{Differential and Integral Calculus, Vol. One}},
  Author                   = {Courant, Richard and Mcshane, Edward James and Sloan, Sam and Greenberg, Marvin Jay},
  Publisher                = {Ishi Press},
  Year                     = {2010},
  Month                    = {Jun},

  Identifiers              = {amazon:4871878384,isbn:9784871878388,google:N4MdSgAACAAJ},
  ISBN                     = {978-48-7187-838-8}
}

@Book{PaulS.P.Cowpertwait121,
  Title                    = {{Introductory Time Series With R}},
  Author                   = {Cowpertwait, Paul S. P. and Metcalfe, Andrew V.},
  Publisher                = {Springer},
  Year                     = {2009},
  Month                    = {Jun},

  Identifiers              = {amazon:0387886974,isbn:9780387886978,google:QFiZGQmvRUQC},
  ISBN                     = {978-03-8788-697-8}
}

@Book{HansCrauel324,
  Title                    = {{Random Probability Measures on Polish Spaces}},
  Author                   = {Crauel, Hans},
  Publisher                = {CRC Press},
  Year                     = {2002},
  Month                    = {Jul},

  Identifiers              = {amazon:0415273870,isbn:9780415273879,google:A5n0ngEACAAJ},
  ISBN                     = {978-04-1527-387-9}
}

@Book{HansCrauel323,
  Title                    = {{Stochastic Dynamics}},
  Author                   = {Crauel, Hans and Gundlach, Matthias},
  Publisher                = {Springer},
  Year                     = {1999},
  Month                    = {Mar},

  Identifiers              = {amazon:0387985123,isbn:9780387985121,google:Pp9UZ16u4r0C},
  ISBN                     = {978-03-8798-512-1}
}

@Book{RichardM.Crownover77,
  Title                    = {{Introduction to Fractals and Chaos}},
  Author                   = {Crownover, Richard M.},
  Publisher                = {Jones and Bartlett},
  Year                     = {1995},
  Month                    = {Jan},

  Identifiers              = {amazon:0867204648,isbn:9780867204643,google:RG3vAAAAMAAJ},
  ISBN                     = {978-08-6720-464-3}
}

@Book{MortonL.Curtis308,
  Title                    = {{Abstract Linear Algebra}},
  Author                   = {Curtis, Morton L. and Place, Paul},
  Publisher                = {Springer},
  Year                     = {1990},
  Month                    = {Jun},

  Identifiers              = {amazon:0387972633,isbn:9780387972633,google:DJqqOLdKQpwC},
  ISBN                     = {978-03-8797-263-3}
}

@Book{GermundDahlquist49,
  Title                    = {{Numerical Methods in Scientific Computing:}},
  Author                   = {Dahlquist, Germund and Bj{\"o}rck, {\AA}ke},
  Publisher                = {SIAM},
  Year                     = {2008},
  Month                    = {Sep},

  Identifiers              = {amazon:0898716446,isbn:9780898716443,google:1nwbtGQN4jcC},
  ISBN                     = {978-08-9871-644-3}
}

@Book{GermundDahlquist50,
  Title                    = {{Numerical Methods}},
  Author                   = {Dahlquist, Germund and Bjorck, Ake and Mathematics},
  Publisher                = {Dover Publications},
  Year                     = {2003},
  Month                    = {Apr},

  Identifiers              = {amazon:0486428079,isbn:9780486428079,google:armfeHpJIwAC},
  ISBN                     = {978-04-8642-807-9}
}

@Book{RobertDalang102,
  Title                    = {{A Minicourse on Stochastic Partial Differential Equations}},
  Author                   = {Dalang, Robert and Khoshnevisan, Davar and Mueller, Carl and Nualart, David and Xiao, Yimin and Rassoul-Agha, Firas},
  Publisher                = {Springer},
  Year                     = {2008},
  Month                    = {Oct},

  Identifiers              = {amazon:3540859934,isbn:9783540859932,google:iE98i\_mtGksC},
  ISBN                     = {978-35-4085-993-2}
}

@Book{AnirbanDasgupta84,
  Title                    = {{Asymptotic Theory of Statistics and Probability}},
  Author                   = {Dasgupta, Anirban},
  Publisher                = {Springer},
  Year                     = {2008},
  Month                    = {Mar},

  Identifiers              = {amazon:0387759700,isbn:9780387759708,google:9ByccYe5aI4C},
  ISBN                     = {978-03-8775-970-8}
}

@Book{HarveyM.Deitel416,
  Title                    = {{C++ How to Program}},
  Author                   = {Deitel, Harvey M. and Deitel, Paul J.},
  Publisher                = {Prentice Hall},
  Year                     = {2002},
  Month                    = {Aug},

  Identifiers              = {amazon:0130384747,isbn:9780130384744,google:sEBGAQAAIAAJ},
  ISBN                     = {978-01-3038-474-4}
}

@Book{PaulDeitel199,
  Title                    = {{C++ How to Program}},
  Author                   = {Deitel, Paul and Deitel, Harvey},
  Publisher                = {Prentice Hall},
  Year                     = {2008},
  Month                    = {Jan},

  Identifiers              = {amazon:0132662361,isbn:9780132662369,google:vulrzgAACAAJ},
  ISBN                     = {978-01-3266-236-9}
}

@Book{C.Dellacherie292,
  Title                    = {{Probabilities and Potential, B: Theory of Martingales}},
  Author                   = {Dellacherie, C. and Meyer, P.-A.},
  Publisher                = {Elsevier Science},
  Year                     = {1982},
  Month                    = {Jan},

  Identifiers              = {isbn:9780444865267,google:GBOoAAAAIAAJ},
  ISBN                     = {978-04-4486-526-7}
}

@Book{JanK.G.Dhont158,
  Title                    = {{An Introduction to Dynamics of Colloids}},
  Author                   = {Dhont, Jan K. G.},
  Publisher                = {Elsevier},
  Year                     = {1996},
  Month                    = {May},

  Identifiers              = {amazon:0444820094,isbn:9780444820099,google:mmArTF5SJ9oC},
  ISBN                     = {978-04-4482-009-9}
}

@Book{J.L.Doob421,
  Title                    = {{Measure Theory}},
  Author                   = {Doob, J. L.},
  Publisher                = {Springer},
  Year                     = {1993},
  Month                    = {Dec},

  Identifiers              = {amazon:0387940553,isbn:9783540940555,google:mC\_vAAAAMAAJ},
  ISBN                     = {978-35-4094-055-5}
}

@Book{J.L.Doob57,
  Title                    = {{Stochastic Processes}},
  Author                   = {Doob, J. L.},
  Publisher                = {Wiley-Interscience},
  Year                     = {1990},
  Month                    = {Jan},

  Identifiers              = {amazon:0471523690,isbn:9780471523697},
  ISBN                     = {978-04-7152-369-7}
}

@Book{J.J.Duistermaat427,
  Title                    = {{Multidimensional Real Analysis I: Differentiation (Cambridge Studies in Advanced Mathematics)}},
  Author                   = {Duistermaat, J. J. and Kolk, J. A. C. and Houckgeest, J. P. van Braam},
  Publisher                = {Cambridge University Press},
  Year                     = {2004},
  Month                    = {Jun},

  Identifiers              = {amazon:0521551145,isbn:9780521551144},
  ISBN                     = {978-05-2155-114-4}
}

@Book{NelsonDunford351,
  Title                    = {{Linear Operators: General Theory. Part. I}},
  Author                   = {Dunford, Nelson and Schwartz, Jacob T. and Bade, William G. and Bartle, Robert Gardner},
  Publisher                = {John Wiley \& Sons Inc},
  Year                     = {1958},
  Month                    = {Dec},

  Identifiers              = {amazon:0470226056,isbn:9780470226056,google:6eGgmgEACAAJ},
  ISBN                     = {978-04-7022-605-6}
}

@Book{RichardDurrett216,
  Title                    = {{Stochastic calculus: a practical introduction}},
  Author                   = {Durrett, Richard},
  Publisher                = {CRC Press},
  Year                     = {1996},
  Month                    = {Aug},

  Identifiers              = {isbn:9780849380716},
  ISBN                     = {978-08-4938-071-6}
}

@Book{RichardDurrett452,
  Title                    = {{Solutions Manual for Probability: Theory and Examples}},
  Author                   = {Durrett, Richard},
  Publisher                = {Duxbury Press},
  Year                     = {1996},
  Month                    = {Dec},

  Identifiers              = {isbn:9780534243197,google:GhfqAAAACAAJ},
  ISBN                     = {978-05-3424-319-7}
}

@Book{RichardDurrett453,
  Title                    = {{Probability: Theory and Examples}},
  Author                   = {Durrett, Richard},
  Publisher                = {Duxbury Press},
  Year                     = {1995},
  Month                    = {Aug},

  Identifiers              = {amazon:0521765390,isbn:9780534243180,google:kkc\_AQAAIAAJ},
  ISBN                     = {978-05-3424-318-0}
}

@Book{RickDurrett258,
  Title                    = {{Probability: Theory and Examples}},
  Author                   = {Durrett, Rick and Durrett, Richard},
  Publisher                = {Cambridge University Press},
  Year                     = {1991},
  Month                    = {Jan},

  Identifiers              = {amazon:0521765390,isbn:9780521765398,google:evbGTPhuvSoC},
  ISBN                     = {978-05-2176-539-8}
}

@Book{SamuelaEckstut104,
  Title                    = {{Focus on Grammar Introductory Workbook}},
  Author                   = {Eckstut, Samuela},
  Publisher                = {Pearson Education},
  Year                     = {2003},
  Month                    = {Mar},

  Identifiers              = {amazon:0131117815,isbn:9780131117815,google:Pa7OAAAACAAJ},
  ISBN                     = {978-01-3111-781-5}
}

@Book{SamuelaEckstut103,
  Title                    = {{Focus on Grammar Workbook}},
  Author                   = {Eckstut, Samuela},
  Publisher                = {Addison Wesley Longman ELT Division},
  Year                     = {2000},
  Month                    = {May},

  Identifiers              = {amazon:0131899740,isbn:9780201346879},
  ISBN                     = {978-02-0134-687-9}
}

@Book{PaulEkman442,
  Title                    = {{Emotions Revealed: Recognizing Faces and Feelings to Improve Communication and Emotional Life}},
  Author                   = {Ekman, Paul},
  Publisher                = {Times Books},
  Year                     = {2003},
  Month                    = {Apr},

  Identifiers              = {amazon:0805072756,isbn:9780805072754,google:JJ9xHXo7hPgC},
  ISBN                     = {978-08-0507-275-4}
}

@Book{SaberElaydi8,
  Title                    = {{An Introduction to Difference Equations}},
  Author                   = {Elaydi, Saber},
  Publisher                = {Springer},
  Year                     = {2005},
  Month                    = {Mar},

  Identifiers              = {amazon:1441920013,isbn:9780387230597,google:nPREsCQm\_PYC},
  ISBN                     = {978-03-8723-059-7}
}

@Book{ThomasErneux229,
  Title                    = {{Applied Delay Differential Equations}},
  Author                   = {Erneux, Thomas},
  Publisher                = {Springer},
  Year                     = {2009},
  Month                    = {Mar},

  Identifiers              = {amazon:0387743715,isbn:9780387743714,google:zZFvNQEACAAJ},
  ISBN                     = {978-03-8774-371-4}
}

@Book{ErnestoEstrada222,
  Title                    = {{Network Science: Complexity in Nature and Technology}},
  Author                   = {Estrada, Ernesto and Fox, Maria and Higham, Desmond J. and Oppo, Gian-Luca},
  Publisher                = {Springer},
  Year                     = {2010},
  Month                    = {Sep},

  Identifiers              = {amazon:1849963959,isbn:9781849963954,google:aNPFjwEACAAJ},
  ISBN                     = {978-18-4996-395-4}
}

@Book{AlisonEtheridge431,
  Title                    = {{Stochastic Partial Differential Equations}},
  Author                   = {Etheridge, Alison},
  Publisher                = {Cambridge University Press},
  Year                     = {1995},
  Month                    = {Jul},

  Identifiers              = {amazon:0521483190,isbn:9780521483193,google:HCWsoAEACAAJ},
  ISBN                     = {978-05-2148-319-3}
}

@Book{StewartN.Ethier213,
  Title                    = {{Markov Processes: Characterization and Convergence}},
  Author                   = {Ethier, Stewart N. and Kurtz, Thomas G.},
  Publisher                = {Wiley},
  Year                     = {2005},
  Month                    = {Sep},

  Identifiers              = {amazon:047176986X,isbn:9780471769866,google:GwRXcggLGKgC},
  ISBN                     = {978-04-7176-986-6}
}

@Book{LawrenceC.Evans20,
  Title                    = {{Partial Differential Equations}},
  Author                   = {Evans, Lawrence C.},
  Publisher                = {American Mathematical Soc.},
  Year                     = {2002},
  Month                    = {Jan},

  Identifiers              = {amazon:0821849743,isbn:9780821849743,google:Xnu0o\_EJrCQC},
  ISBN                     = {978-08-2184-974-3}
}

@Book{LawrenceCraigEvans9,
  Title                    = {{Measure Theory and Fine Properties of Functions}},
  Author                   = {Evans, Lawrence Craig and Gariepy, Ronald F.},
  Publisher                = {CRC PressINC},
  Year                     = {1992},
  Month                    = {Apr},

  Identifiers              = {isbn:9780849371578,google:HZONacVPGlMC},
  ISBN                     = {978-08-4937-157-8}
}

@Book{GeorgeR.Exner256,
  Title                    = {{Inside Calculus}},
  Author                   = {Exner, George R.},
  Publisher                = {Springer},
  Year                     = {2000},
  Month                    = {Feb},

  Identifiers              = {amazon:0387989323,isbn:9780387989327,google:yC5PE1AqO0IC},
  ISBN                     = {978-03-8798-932-7}
}

@Book{NorbertoAngelFava378,
  Title                    = {{Medida e integral de Lebesgue}},
  Author                   = {Fava, Norberto Angel},
  Publisher                = {Instituto Argentino de Matem{\'a}tica},
  Year                     = {1996},
  Month                    = {May},

  Identifiers              = {isbn:9789879072165,google:s5SVYgEACAAJ},
  ISBN                     = {978-98-7907-216-5}
}

@Book{WilliamFeller93,
  Title                    = {{An Introduction to Probability Theory and Its Applications, Vol. 2, 3rd Edition}},
  Author                   = {Feller, William},
  Publisher                = {Wiley},
  Year                     = {1968},
  Month                    = {Jan},

  Identifiers              = {amazon:0471257095,isbn:9780471257097,douban:3155014,google:NFNQAAAAMAAJ},
  ISBN                     = {978-04-7125-709-7}
}

@Book{WilliamFeller94,
  Title                    = {{An Introduction to Probability Theory and Its Applications, Vol. 1, 3rd Edition}},
  Author                   = {Feller, William},
  Publisher                = {Wiley},
  Year                     = {1968},
  Month                    = {Aug},

  Identifiers              = {amazon:0471257087,isbn:9780471257080},
  ISBN                     = {978-04-7125-708-0}
}

@Book{RichardP.Feynman5,
  Title                    = {{The Feynman Lectures on Physics}},
  Author                   = {Feynman, Richard P. and Leighton, Robert P. and Sands, Matthew},
  Publisher                = {Addison-Wesley},
  Year                     = {1963},
  Month                    = {Jun},

  Identifiers              = {amazon:0201020106,isbn:9780201020106,google:KgUyMAEACAAJ},
  ISBN                     = {978-02-0102-010-6}
}

@Book{StanleyFish161,
  Title                    = {{How to Write a Sentence: And How to Read One}},
  Author                   = {Fish, Stanley},
  Publisher                = {Harper Collins, Inc.},
  Year                     = {2011},
  Month                    = {Jan},

  Identifiers              = {mobi-asin:B0043M6IYI}
}

@Book{RichardFitzpatrick208,
  Title                    = {{Oscillations and Waves}},
  Author                   = {Fitzpatrick, Richard},
  Publisher                = {American Mathematical Soc.},
  Year                     = {2011},
  Month                    = {Feb}
}

@Book{G.B.Folland56,
  Title                    = {{Real Analysis: Modern Techniques and Their Applications}},
  Author                   = {Folland, G. B.},
  Publisher                = {Wiley},
  Year                     = {1999},
  Month                    = {Mar},

  Identifiers              = {amazon:0471317160,isbn:9780471317166,google:uPkYAQAAIAAJ},
  ISBN                     = {978-04-7131-716-6}
}

@Book{KeithS.Folse151,
  Title                    = {{Great Writing 2: Great Paragraphs}},
  Author                   = {Folse, Keith S. and Muchmore-Vokoun, April and Solomon, Elena Vestri},
  Publisher                = {Heinle Cengage Learning},
  Year                     = {2010},
  Month                    = {Apr},

  Identifiers              = {isbn:9781424071128,google:5eRKnwEACAAJ},
  ISBN                     = {978-14-2407-112-8}
}

@Book{KeithS.Folse150,
  Title                    = {{Top 10: Great Grammar for Great Writing}},
  Author                   = {Folse, Keith S. and Solomon, Elena Vestri and Tortorella, Donna M.},
  Publisher                = {CENGAGE Learning},
  Year                     = {2007},
  Month                    = {Sep},

  Identifiers              = {amazon:0618481052,isbn:9780618481057,google:oOaXngEACAAJ},
  ISBN                     = {978-06-1848-105-7}
}

@Book{JohnB.Fraleigh316,
  Title                    = {{A First Course in Abstract Algebra}},
  Author                   = {Fraleigh, John B. and Katz, Victor J.},
  Publisher                = {Pearson},
  Year                     = {2002},
  Month                    = {Nov},

  Identifiers              = {amazon:0201763907,isbn:9780201763904,google:xb0ZAQAAIAAJ},
  ISBN                     = {978-02-0176-390-4}
}

@Book{MarkI.Freidlin95,
  Title                    = {{Random Perturbations of Dynamical Systems}},
  Author                   = {Freidlin, Mark I. and Wentzell, Alexander D. and Sz{\"u}cs, J.},
  Publisher                = {Springer},
  Year                     = {1998},
  Month                    = {Jan},

  Identifiers              = {amazon:3642258468,isbn:9780387983622,google:0yE74YEXpWEC},
  ISBN                     = {978-03-8798-362-2}
}

@Book{DaanFrenkel269,
  Title                    = {{Understanding Molecular Simulation: From Algorithms to Applications}},
  Author                   = {Frenkel, Daan and Smit, Berend},
  Publisher                = {Academic Press},
  Year                     = {1998},
  Month                    = {Jan},

  Identifiers              = {isbn:9780122673511,google:XmyO2oRUg0cC},
  ISBN                     = {978-01-2267-351-1}
}

@Book{StephenH.Friedberg326,
  Title                    = {{Linear Algebra}},
  Author                   = {Friedberg, Stephen H. and Insel, Arnold J. and Spence, Lawrence E.},
  Publisher                = {Pearson Education},
  Year                     = {1979},
  Month                    = {Jan},

  Identifiers              = {amazon:0132338599,isbn:9780130084514,google:HCUlAQAAIAAJ},
  ISBN                     = {978-01-3008-451-4}
}

@Book{AvnerFriedman419,
  Title                    = {{Stochastic Differential Equations and Applications}},
  Author                   = {Friedman, Avner},
  Publisher                = {Academic Press},
  Year                     = {1975},
  Month                    = {Sep},

  Identifiers              = {amazon:0122682017,isbn:9780122682018,google:K3KgIEXUee8C},
  ISBN                     = {978-01-2268-201-8}
}

@Book{AvnerFriedman98,
  Title                    = {{Stochastic Differential Equations and Applications}},
  Author                   = {Friedman, Avner},
  Publisher                = {Academic Press},
  Year                     = {1975},
  Month                    = {Sep},

  Identifiers              = {amazon:0122682017,isbn:9780122682018,google:K3KgIEXUee8C},
  ISBN                     = {978-01-2268-201-8}
}

@Book{PeterK.Friz488,
  Title                    = {{A Course on Rough Paths: With an Introduction to Regularity Structures}},
  Author                   = {Friz, Peter K. and Hairer, Martin},
  Publisher                = {Springer},
  Year                     = {2014},
  Month                    = {Aug},

  Identifiers              = {amazon:3319083317,isbn:9783319083315,google:253PoAEACAAJ},
  ISBN                     = {978-33-1908-331-5}
}

@Book{AntonioGalbis359,
  Title                    = {{Vector Analysis Versus Vector Calculus}},
  Author                   = {Galbis, Antonio and Maestre, Manuel},
  Publisher                = {Springer},
  Year                     = {2012},
  Month                    = {Mar},

  Identifiers              = {amazon:1461421993,isbn:9781461421993,google:xrG\_kgEACAAJ},
  ISBN                     = {978-14-6142-199-3}
}

@Book{T.C.Gard468,
  Title                    = {{Introduction to Stochastic Differential Equations}},
  Author                   = {Gard, T. C.},
  Publisher                = {M. Dekker},
  Year                     = {1988},
  Month                    = {Jan},

  Identifiers              = {amazon:082477776X,isbn:9780824777760,google:Am-AQgAACAAJ},
  ISBN                     = {978-08-2477-776-0}
}

@Book{CrispinW.Gardiner439,
  Title                    = {{Handbook of Stochastic Methods for Physics, Chemistry, and the Natural Sciences}},
  Author                   = {Gardiner, Crispin W.},
  Publisher                = {Springer},
  Year                     = {2004},
  Month                    = {Jan},

  Identifiers              = {amazon:3540208828,isbn:9783540208822,google:wLm7QgAACAAJ},
  ISBN                     = {978-35-4020-882-2}
}

@Book{C.W.Gardiner37,
  Title                    = {{Handbook of Stochastic Methods: For Physics, Chemistry and Natural Sciences}},
  Author                   = {Gardiner, C. W. and Gardiner, Crispin W. and Gardiner},
  Publisher                = {Springer},
  Year                     = {1985},
  Month                    = {Jan},

  Identifiers              = {amazon:3540616349,isbn:9783540616344,google:a5C\_QgAACAAJ},
  ISBN                     = {978-35-4061-634-4}
}

@Book{EdwardD.Gaughan294,
  Title                    = {{Introduction to Analysis}},
  Author                   = {Gaughan, Edward D.},
  Publisher                = {Brooks Cole},
  Year                     = {1993},
  Month                    = {Jan},

  Identifiers              = {amazon:0821847872,isbn:9780534173586,google:hB3vAAAAMAAJ},
  ISBN                     = {978-05-3417-358-6}
}

@Book{BernardR.Gelbaum387,
  Title                    = {{Counterexamples in Analysis}},
  Author                   = {Gelbaum, Bernard R. and Olmsted, John Meigs Hubbell},
  Publisher                = {Dover Publications},
  Year                     = {1964},
  Month                    = {Feb},

  Identifiers              = {amazon:0486428753,isbn:9780486428758,google:cDAMh5n4lkkC},
  ISBN                     = {978-04-8642-875-8}
}

@Book{I.M.Gelfand165,
  Title                    = {{Calculus of Variations}},
  Author                   = {Gelfand, I. M. and Fomin, S. V.},
  Publisher                = {Dover Publications},
  Year                     = {1963},
  Month                    = {Jan},

  Identifiers              = {amazon:0486414485,isbn:9780486414485},
  ISBN                     = {978-04-8641-448-5}
}

@Book{RogerG.Ghanem282,
  Title                    = {{Stochastic Finite Elements: A Spectral Approach}},
  Author                   = {Ghanem, Roger G. and Spanos, Pol D. and Engineering},
  Publisher                = {Dover Publications},
  Year                     = {2003},
  Month                    = {Jun},

  Identifiers              = {amazon:0486428184,isbn:9780486428185,google:WzgKyTQQcAwC},
  ISBN                     = {978-04-8642-818-5}
}

@Book{MrsMeeraPurnankGhumalia474,
  Title                    = {{C/C++ Software Development With Eclipse: An Easy to Understand Yet Thorough Guide on Using Eclipse for C/C++ Software Development}},
  Author                   = {Ghumalia, Mrs Meera Purnank},
  Publisher                = {CreateSpace Independent Publishing Platform},
  Year                     = {2011},
  Month                    = {Nov},

  Identifiers              = {amazon:1453662111,isbn:9781453662113},
  ISBN                     = {978-14-5366-211-3}
}

@Book{I.I.(iosifIlich)Gikhman385,
  Title                    = {{Introduction to the Theory of Random Processes}},
  Author                   = {Gikhman, I. I. (iosif Ilich) and Skorokhod, A. V. (anatolii Vladimirovich)},
  Publisher                = {Dover Publ.},
  Year                     = {1969},
  Month                    = {Nov},

  Identifiers              = {amazon:0486693872,isbn:9780486693873,google:yJyLzG7N7r8C},
  ISBN                     = {978-04-8669-387-3}
}

@Book{LeonardGillman116,
  Title                    = {{Writing Mathematics Well}},
  Author                   = {Gillman, Leonard},
  Publisher                = {Mathematical Assn of Amer},
  Year                     = {1987},
  Month                    = {Jan},

  Identifiers              = {amazon:0883854430,isbn:9780883854433,google:3fHuAAAAMAAJ},
  ISBN                     = {978-08-8385-443-3}
}

@Book{FrankR.Giordano195,
  Title                    = {{A First Course in Mathematical Modeling}},
  Author                   = {Giordano, Frank R. and Weir, Maurice D. and Fox, William Price},
  Publisher                = {Brooks/Cole},
  Year                     = {2002},
  Month                    = {Jul},

  Identifiers              = {amazon:0495011592,isbn:9780534384289,google:84GmQgAACAAJ},
  ISBN                     = {978-05-3438-428-9}
}

@Book{S.K.Godunov52,
  Title                    = {{Difference Schemes: An Introduction to the Underlying Theory}},
  Author                   = {Godunov, S. K. and Ryabenkii, V. S.},
  Publisher                = {Elsevier Science Ltd},
  Year                     = {1987},
  Month                    = {Apr},

  Identifiers              = {amazon:0444702334,isbn:9780444702333,google:ttdIlAEACAAJ},
  ISBN                     = {978-04-4470-233-3}
}

@InCollection{Goel197159,
  Title                    = {{V - Time-Dependent Fluctuations in Population}},
  Author                   = {Goel, N.S. and Maitra, S.C. and Montroll, E.W.},
  Booktitle                = {{Nonlinear Models of Interacting Populations}},
  Publisher                = {Academic Press},
  Year                     = {1971},
  Editor                   = {Goel, N.S. and Maitra, S.C. and Montroll, E.W.},
  Pages                    = {59--76},

  Doi                      = {10.1016/B978-0-12-287450-5.50009-0},
  ISBN                     = {978-0-12-287450-5},
  Url                      = {http://www.sciencedirect.com/science/article/pii/B9780122874505500090}
}

@Book{HerbertGoldstein100,
  Title                    = {{Classical Mechanics}},
  Author                   = {Goldstein, Herbert},
  Publisher                = {Addison-Wesley},
  Year                     = {1980},
  Month                    = {Oct},

  Identifiers              = {amazon:0201029189,isbn:9780201029185,google:9M8QAQAAIAAJ},
  ISBN                     = {978-02-0102-918-5}
}

@Book{DanielGoleman443,
  Title                    = {{Emotional Intelligence}},
  Author                   = {Goleman, Daniel},
  Publisher                = {Bantam},
  Year                     = {2006},
  Month                    = {Sep},

  Identifiers              = {amazon:055338371X,isbn:9780553804911,google:TQQlAQAAIAAJ},
  ISBN                     = {978-05-5380-491-1}
}

@Book{DanielGoleman445,
  Title                    = {{Social Intelligence: The New Science of Human Relationships}},
  Author                   = {Goleman, Daniel},
  Publisher                = {Bantam},
  Year                     = {2006},
  Month                    = {Sep},

  Identifiers              = {amazon:B000JMKTMS,isbn:0553803522,google:akQLxTM-5\_8C},
  ISBN                     = {05-5380-352-2}
}

@Book{DanielGoleman444,
  Title                    = {{La pr{\'a}ctica de la inteligencia emocional}},
  Author                   = {Goleman, Daniel},
  Publisher                = {Kair{\'o}s},
  Year                     = {1999},
  Month                    = {Jan},

  Identifiers              = {amazon:847245407X,isbn:9788472454071,google:KvMXF1v11zAC},
  ISBN                     = {978-84-7245-407-1}
}

@Book{GeneHAutorGolub99,
  Title                    = {{Matrix Computations}},
  Author                   = {Golub, Gene H Autor and van Loan, Charles F Autor},
  Publisher                = {Johns Hopkins University Press},
  Year                     = {1996},
  Month                    = {Sep},

  Identifiers              = {isbn:9780801854132,google:YyfDQgAACAAJ},
  ISBN                     = {978-08-0185-413-2}
}

@Book{MichelGoossens325,
  Title                    = {{The LaTeX Graphics Companion}},
  Author                   = {Goossens, Michel and Mittelbach, Frank and Rahtz, Sebastian and Roegel, Denis and Voss, Herbert},
  Publisher                = {Addison-Wesley},
  Year                     = {2007},
  Month                    = {Aug},

  Identifiers              = {amazon:0321508920,isbn:9780321508928,google:b70ZAQAAIAAJ},
  ISBN                     = {978-03-2150-892-8}
}

@Book{WernerGreub101,
  Title                    = {{Multilinear Algebra}},
  Author                   = {Greub, Werner},
  Publisher                = {Springer},
  Year                     = {1978},
  Month                    = {Aug},

  Identifiers              = {amazon:0387902848,isbn:9780387902845,google:oQLvAAAAMAAJ},
  ISBN                     = {978-03-8790-284-5}
}

@Book{DavidF.Griffiths25,
  Title                    = {{Numerical Methods for Ordinary Differential Equations: Initial Value Problems}},
  Author                   = {Griffiths, David F. and Higham, Desmond J.},
  Publisher                = {Springer},
  Year                     = {2010},
  Month                    = {Dec},

  Identifiers              = {amazon:0857291475,isbn:9780857291479,google:PbfVjwEACAAJ},
  ISBN                     = {978-08-5729-147-9}
}

@Book{GeoffreyGrimmett78,
  Title                    = {{One Thousand Exercises in Probability}},
  Author                   = {Grimmett, Geoffrey and Stirzaker, David},
  Publisher                = {Oxford University Press, USA},
  Year                     = {2001},
  Month                    = {Aug},

  Identifiers              = {amazon:0198572212,isbn:9780198572213,google:SQqTo8cwx1QC},
  ISBN                     = {978-01-9857-221-3}
}

@Book{CharlesMillerGrinstead240,
  Title                    = {{Introduction to Probability}},
  Author                   = {Grinstead, Charles Miller and Snell, James Laurie},
  Publisher                = {American Mathematical Soc.},
  Year                     = {1998},
  Month                    = {Jan},

  Identifiers              = {amazon:0821807498,isbn:9780821807491,google:14oq4uWGCkwC},
  ISBN                     = {978-08-2180-749-1}
}

@Book{JohnGuckenheimer435,
  Title                    = {{Nonlinear Oscillations, Dynamical Systems, and Bifurcations of Vector Fields}},
  Author                   = {Guckenheimer, John and Holmes, Philip},
  Publisher                = {Springer},
  Year                     = {2002},
  Month                    = {Feb},

  Identifiers              = {amazon:0387908196,isbn:9780387908199,google:MU58mQEACAAJ},
  ISBN                     = {978-03-8790-819-9}
}

@Book{RichardHaberman343,
  Title                    = {{Elementary applied partial differential equations: with Fourier series and boundary value problems}},
  Author                   = {Haberman, Richard},
  Publisher                = {Prentice-Hall},
  Year                     = {1987},
  Month                    = {Jan},

  Identifiers              = {isbn:9780132528757},
  ISBN                     = {978-01-3252-875-7}
}

@Book{BrianD.Hahn398,
  Title                    = {{Fortran 90 for Scientists and Engineers}},
  Author                   = {Hahn, Brian D.},
  Publisher                = {Elsevier},
  Year                     = {1998},
  Month                    = {Jan},

  Identifiers              = {isbn:9780340600344,google:D0HOaW-5svQC},
  ISBN                     = {978-03-4060-034-4}
}

@Book{ErnstHairer430,
  Title                    = {{Geometric Numerical Integration: Structure-Preserving Algorithms for Ordinary Differential Equations}},
  Author                   = {Hairer, Ernst and Lubich, Christian and Wanner, Gerhard},
  Publisher                = {Springer},
  Year                     = {2006},
  Month                    = {Feb},

  Identifiers              = {amazon:3540306633,isbn:9783540306634,google:aC4KnwEACAAJ},
  ISBN                     = {978-35-4030-663-4}
}

@Book{ErnstHairer13,
  Title                    = {{Solving Ordinary Differential Equations: Nonstiff Problems}},
  Author                   = {Hairer, Ernst and N{\o}rsett, Syvert Paul and Wanner, Gerhard},
  Publisher                = {Springer},
  Year                     = {1993},
  Month                    = {Jan},

  Identifiers              = {amazon:3642051634,isbn:9783540566700,google:API\_AQAAIAAJ},
  ISBN                     = {978-35-4056-670-0}
}

@Book{ErnstHairer14,
  Title                    = {{Solving Ordinary Differential Equations II: Stiff and Differential-Algebraic Problems}},
  Author                   = {Hairer, Ernst and Wanner, Gerhard},
  Publisher                = {Springer},
  Year                     = {1993},
  Month                    = {May},

  Identifiers              = {amazon:3642052207,isbn:9783540604525,google:m7c8nNLPwaIC},
  ISBN                     = {978-35-4060-452-5}
}

@Book{PaulR.Halmos422,
  Title                    = {{Measure Theory}},
  Author                   = {Halmos, Paul R.},
  Publisher                = {Springer},
  Year                     = {1974},
  Month                    = {Jan},

  Identifiers              = {amazon:0387900888,isbn:9780387900889,douban:1875812},
  ISBN                     = {978-03-8790-088-9}
}

@Book{PaulRichardHalmos163,
  Title                    = {{A Hilbert Space Problem Book}},
  Author                   = {Halmos, Paul Richard},
  Publisher                = {Springer-Verlag},
  Year                     = {1974},
  Month                    = {Jan},

  Identifiers              = {amazon:3540906851,isbn:9783540906858,google:JOnCQgAACAAJ},
  ISBN                     = {978-35-4090-685-8}
}

@Book{IanW.Hamley207,
  Title                    = {{Introduction to Soft Matter: Synthetic and Biological Self-Assembling Materials}},
  Author                   = {Hamley, Ian W.},
  Publisher                = {Wiley},
  Year                     = {2007},
  Month                    = {Oct},

  Identifiers              = {amazon:0470516100,isbn:9780470516096,google:YIHGNAEACAAJ},
  ISBN                     = {978-04-7051-609-6}
}

@Book{Jean-pierreHansen176,
  Title                    = {{Theory of Simple Liquids}},
  Author                   = {Hansen, Jean-pierre and Mcdonald, Ian Ranald},
  Publisher                = {Academic Press},
  Year                     = {1976},
  Month                    = {Jan},

  Identifiers              = {amazon:0123705355,isbn:9780123705358,douban:1986473,google:Uhm87WZBnxEC},
  ISBN                     = {978-01-2370-535-8}
}

@Book{StephenHawking460,
  Title                    = {{A Brief History of Time}},
  Author                   = {Hawking, Stephen},
  Publisher                = {Bantam},
  Year                     = {1998},
  Month                    = {Jan},

  Identifiers              = {amazon:0553380168,isbn:9780553380163,google:YmGxbPHFO\_EC},
  ISBN                     = {978-05-5338-016-3}
}

@Book{ThomasHawkins154,
  Title                    = {{Lebesgue's Theory of Integration: Its Origins and Development}},
  Author                   = {Hawkins, Thomas},
  Publisher                = {Chelsea Pub Co},
  Year                     = {1975},
  Month                    = {May},

  Identifiers              = {amazon:0821829637,isbn:9780828402828,google:fK1umQEACAAJ},
  ISBN                     = {978-08-2840-282-8}
}

@Book{JamesL.Hein341,
  Title                    = {{Discrete Mathematics}},
  Author                   = {Hein, James L.},
  Publisher                = {Jones and Bartlett Publishers},
  Year                     = {1996},
  Month                    = {Jan},

  Identifiers              = {amazon:0763722103,isbn:9780867204964,google:YH9YAAAAYAAJ},
  ISBN                     = {978-08-6720-496-4}
}

@Book{DesmondHigham338,
  Title                    = {{An Introduction to Financial Option Valuation: Mathematics, Stochastics and Computation}},
  Author                   = {Higham, Desmond},
  Publisher                = {Cambridge University Press},
  Year                     = {2004},
  Month                    = {Apr},

  Identifiers              = {amazon:0521547571,isbn:9780521547574},
  ISBN                     = {978-05-2154-757-4}
}

@Book{DesmondJ.Higham355,
  Title                    = {{MATLAB Guide}},
  Author                   = {Higham, Desmond J. and Higham, Nicholas J.},
  Publisher                = {SIAM},
  Year                     = {2000},
  Month                    = {Jan},

  Identifiers              = {amazon:0898715784,isbn:9780898715781,google:RnsrLWPOA00C},
  ISBN                     = {978-08-9871-578-1}
}

@Book{NicholasJ.Higham210,
  Title                    = {{Functions of Matrices: Theory and Computation}},
  Author                   = {Higham, Nicholas J.},
  Publisher                = {SIAM},
  Year                     = {2008},
  Month                    = {Mar},

  Identifiers              = {amazon:0898716462,isbn:9780898716467,google:2Wz\_zVUEwPkC},
  ISBN                     = {978-08-9871-646-7}
}

@Book{NicholasJ.Higham187,
  Title                    = {{Accuracy and stability of numerical algorithms}},
  Author                   = {Higham, Nicholas J.},
  Publisher                = {SIAM},
  Year                     = {2002},
  Month                    = {Feb},

  Identifiers              = {isbn:9780898715217},
  ISBN                     = {978-08-9871-521-7}
}

@Book{NicholasJ.Higham209,
  Title                    = {{Handbook of Writing for the Mathematical Sciences}},
  Author                   = {Higham, Nicholas J.},
  Publisher                = {SIAM},
  Year                     = {1998},
  Month                    = {Aug},

  Identifiers              = {amazon:0898714206,isbn:9780898714203,google:Z4oQMi5eNBQC},
  ISBN                     = {978-08-9871-420-3}
}

@Book{BenjaminMakoHill193,
  Title                    = {{The Official Ubuntu Book}},
  Author                   = {Hill, Benjamin Mako and Helmke, Matthew and Burger, Corey and Rankin, Kyle (CON) and Jesse, Jonathan (CON) and Bacon, Jono (CON)},
  Publisher                = {Prentice Hall PTR},
  Year                     = {2010},
  Month                    = {Jun},

  Identifiers              = {isbn:9780137081301},
  ISBN                     = {978-01-3708-130-1}
}

@Book{FrederickS.Hillier41,
  Title                    = {{Introduction to Operations Research}},
  Author                   = {Hillier, Frederick S. and Lieberman, Gerald J.},
  Publisher                = {McGraw-Hill},
  Year                     = {2001},
  Month                    = {Nov},

  Identifiers              = {amazon:0072321695,isbn:9780072321692,google:wh0oAQAAMAAJ},
  ISBN                     = {978-00-7232-169-2}
}

@Book{MorrisW.Hirsch312,
  Title                    = {{Differential Equations, Dynamical Systems, and Linear Algebra}},
  Author                   = {Hirsch, Morris W. and Devaney, Robert L. and Smale, Stephen},
  Publisher                = {Academic Press},
  Year                     = {1974},
  Month                    = {May},

  Identifiers              = {amazon:0123495504,isbn:9780123495501,google:UG4Rh4OG-hUC},
  ISBN                     = {978-01-2349-550-1}
}

@Book{MorrisWilliamHirsch390,
  Title                    = {{Differential Equations, Dynamical Systems \& an Introduction to Chaos}},
  Author                   = {Hirsch, Morris William and Smale, Stephen and Devaney, Robert Luke},
  Publisher                = {Academic Press},
  Year                     = {2003},
  Month                    = {Nov},

  Identifiers              = {amazon:0123497035,isbn:9780123497031,google:INYJuKGmgd0C},
  ISBN                     = {978-01-2349-703-1}
}

@Book{PaulGerhardHoel339,
  Title                    = {{Introduction to Stochastic Processes}},
  Author                   = {Hoel, Paul Gerhard and Port, Sidney C. and Stone, Charles Jo{\"e}l},
  Publisher                = {Houghton Mifflin},
  Year                     = {1972},
  Month                    = {Oct},

  Identifiers              = {amazon:0395120764,isbn:9780395120767,google:S-lQAAAAMAAJ},
  ISBN                     = {978-03-9512-076-7}
}

@Book{RichardA.Holmgren203,
  Title                    = {{A First Course in Discrete Dynamical Systems}},
  Author                   = {Holmgren, Richard A.},
  Publisher                = {Springer},
  Year                     = {1994},
  Month                    = {Mar},

  Identifiers              = {amazon:0387947809,isbn:9780387942087,google:AkXvAAAAMAAJ},
  ISBN                     = {978-03-8794-208-7}
}

@Book{RossHonsberger246,
  Title                    = {{Mathematical Gems}},
  Author                   = {Honsberger, Ross},
  Publisher                = {Mathematical Assn of Amer},
  Year                     = {1973},
  Month                    = {Jan},

  Identifiers              = {amazon:0883853000,isbn:9780883853009,google:8EUlAQAAIAAJ},
  ISBN                     = {978-08-8385-300-9}
}

@Book{KevinHouston465,
  Title                    = {{How to Think Like a Mathematician: A Companion to Undergraduate Mathematics}},
  Author                   = {Houston, Kevin},
  Publisher                = {Cambridge University Press},
  Year                     = {2009},
  Month                    = {Feb},

  Identifiers              = {amazon:052171978X,isbn:9780521719780,google:dz80NQAACAAJ},
  ISBN                     = {978-05-2171-978-0}
}

@Book{KennethB.Howell245,
  Title                    = {{Principles of Fourier Analysis}},
  Author                   = {Howell, Kenneth B.},
  Publisher                = {CRC Press},
  Year                     = {2001},
  Month                    = {Jan},

  Identifiers              = {amazon:0849382750,isbn:9780849382758,google:000sSCyJOcAC},
  ISBN                     = {978-08-4938-275-8}
}

@Book{KersonHuang284,
  Title                    = {{Introduction to Statistical Physics, Second Edition}},
  Author                   = {Huang, Kerson},
  Publisher                = {Chapman and Hall/CRC},
  Year                     = {2001},
  Month                    = {Jan},

  Identifiers              = {amazon:1420079026,isbn:9781420079029,douban:4550147},
  ISBN                     = {978-14-2007-902-9}
}

@Book{BrianR.Hunt346,
  Title                    = {{A Guide to MATLAB: For Beginners and Experienced Users}},
  Author                   = {Hunt, Brian R. and Lipsman, Ronald L. and Rosenberg, Jonathan},
  Publisher                = {Cambridge University Press},
  Year                     = {2001},
  Month                    = {Aug},

  Identifiers              = {amazon:0521615658,isbn:9780521008594,google:XhQBx9LJKIAC},
  ISBN                     = {978-05-2100-859-4}
}

@Book{StefanoM.Iacus45,
  Title                    = {{Simulation and Inference for Stochastic Differential Equations: With R Examples}},
  Author                   = {Iacus, Stefano M.},
  Publisher                = {Springer},
  Year                     = {2008},
  Month                    = {May},

  Identifiers              = {amazon:0387758380,isbn:9780387758381,google:ryCMlNVV8EAC},
  ISBN                     = {978-03-8775-838-1}
}

@Book{OliverChukwudiIbe200,
  Title                    = {{Markov Processes for Stochastic Modeling}},
  Author                   = {Ibe, Oliver Chukwudi},
  Publisher                = {Academic Press},
  Year                     = {2008},
  Month                    = {Sep},

  Identifiers              = {amazon:0123744512,isbn:9780123744517,google:415Nk0gUcCcC},
  ISBN                     = {978-01-2374-451-7}
}

@Book{Ikeda127,
  Title                    = {{Stochastic Differential Equations and Diffusion Processes}},
  Author                   = {Ikeda and Watanabe},
  Publisher                = {North Holland},
  Year                     = {1980},
  Month                    = {Dec},

  Identifiers              = {amazon:0444861726,isbn:9780444861726,google:Rld0QgAACAAJ},
  ISBN                     = {978-04-4486-172-6}
}

@Book{EugeneIsaacson197,
  Title                    = {{Analysis of Numerical Methods}},
  Author                   = {Isaacson, Eugene and Keller, Herbert Bishop},
  Publisher                = {Dover Publications},
  Year                     = {1994},
  Month                    = {Jan},

  Identifiers              = {amazon:0486680290,isbn:9780486680293,google:y77n2ySMJHUC},
  ISBN                     = {978-04-8668-029-3}
}

@Book{A.Iserles107,
  Title                    = {{A First Course in the Numerical Analysis of Differential Equations}},
  Author                   = {Iserles, A.},
  Publisher                = {Cambridge University Press},
  Year                     = {1996},
  Month                    = {Jan},

  Identifiers              = {amazon:0521734908,isbn:9780521553766,google:hvOgmAEACAAJ},
  ISBN                     = {978-05-2155-376-6}
}

@Book{J.C.;CundyH.M.Burkill352,
  Title                    = {{Mathematical Scholarship Problems}},
  Author                   = {{J. C.; Cundy}, H. M. Burkill},
  Publisher                = {Cambridge University Press},
  Year                     = {1962},
  Month                    = {Jun},

  Identifiers              = {amazon:B0013JFAR0}
}

@Book{JohnDavidJackson115,
  Title                    = {{Classical Electrodynamics}},
  Author                   = {Jackson, John David},
  Publisher                = {Wiley},
  Year                     = {1998},
  Month                    = {Aug},

  Identifiers              = {amazon:047130932X,isbn:9780471309321,google:U3LBQgAACAAJ},
  ISBN                     = {978-04-7130-932-1}
}

@Book{KurtJacobs30,
  Title                    = {{Stochastic Processes for Physicists: Understanding Noisy Systems}},
  Author                   = {Jacobs, Kurt},
  Publisher                = {Cambridge University Press},
  Year                     = {2010},
  Month                    = {Feb},

  Identifiers              = {amazon:0521765420,isbn:9780521765428,google:5PEjmQEACAAJ},
  ISBN                     = {978-05-2176-542-8}
}

@Book{KurtJacobs448,
  Title                    = {{Stochastic Processes for Physicists: Understanding Noisy Systems}},
  Author                   = {Jacobs, Kurt},
  Publisher                = {Cambridge University Press},
  Year                     = {2010},
  Month                    = {Feb},

  Identifiers              = {amazon:0521765420,isbn:9780521765428,google:5PEjmQEACAAJ},
  ISBN                     = {978-05-2176-542-8}
}

@Book{JeanJacod111,
  Title                    = {{Limit Theorems for Stochastic Processes}},
  Author                   = {Jacod, Jean and Shiryaev, Albert},
  Publisher                = {Springer},
  Year                     = {2002},
  Month                    = {Dec},

  Identifiers              = {amazon:3642078761,isbn:9783540439325,google:vncnMgEACAAJ},
  ISBN                     = {978-35-4043-932-5}
}

@Book{P.K.Jain227,
  Title                    = {{Lebesgue Measure and Integration}},
  Author                   = {Jain, P. K. and Gupta, V. P.},
  Publisher                = {Wiley},
  Year                     = {1986},
  Month                    = {Sep},

  Identifiers              = {isbn:9780470202968},
  ISBN                     = {978-04-7020-296-8}
}

@Book{ArnulfJentzen34,
  Title                    = {{Taylor Approximations for Stochastic Partial Differential Equations}},
  Author                   = {Jentzen, Arnulf and Kloeden, Peter},
  Publisher                = {SIAM},
  Year                     = {2011},
  Month                    = {Nov},

  Identifiers              = {amazon:1611972000,isbn:9781611972009,google:8BHjsqvHdgMC},
  ISBN                     = {978-16-1197-200-9}
}

@Book{FrankJones35,
  Title                    = {{Lebesgue Integration on Euclidean Space}},
  Author                   = {Jones, Frank},
  Publisher                = {Jones \& Bartlett Learning},
  Year                     = {1992},
  Month                    = {Jan},

  Identifiers              = {amazon:0763717088,isbn:9780763717087,google:3U7tresTD1AC},
  ISBN                     = {978-07-6371-708-7}
}

@Book{YuM.Kabanov221,
  Title                    = {{From Stochastic Calculus to Mathematical Finance: The Shiryaev Festschrift}},
  Author                   = {Kabanov, Yu M. and Shiri︠a︡ev, Alʹbert Nikolaevich and Stojanov, Jordan M. and Lipt︠s︡er, Robert Shevilevich},
  Publisher                = {Springer},
  Year                     = {2006},
  Month                    = {Mar},

  Identifiers              = {amazon:3540307826,isbn:9783540307822,google:r7hcwexRIkcC},
  ISBN                     = {978-35-4030-782-2}
}

@Book{W.J.Kaczor137,
  Title                    = {{Problems in Mathematical Analysis}},
  Author                   = {Kaczor, W. J. and Nowak, M. T.},
  Publisher                = {American Mathematical Soc.},
  Year                     = {2000},
  Month                    = {Mar},

  Identifiers              = {amazon:0821820508,isbn:9780821820506,douban:4511556,google:HrO6QzUHU-gC},
  ISBN                     = {978-08-2182-050-6}
}

@Book{W.J.Kaczor418,
  Title                    = {{Problems in Mathematical Analysis}},
  Author                   = {Kaczor, W. J. and Nowak, M. T.},
  Publisher                = {American Mathematical Soc.},
  Year                     = {2000},
  Month                    = {Mar},

  Identifiers              = {amazon:0821820508,isbn:9780821820506,google:HrO6QzUHU-gC},
  ISBN                     = {978-08-2182-050-6}
}

@Book{W.J.Kaczor138,
  Title                    = {{Problems in Mathematical Analysis III}},
  Author                   = {Kaczor, W. J. and Nowak, M. T. and Society, American Mathematical},
  Publisher                = {American Mathematical Soc.},
  Year                     = {2000},
  Month                    = {Mar},

  Identifiers              = {amazon:0821832980,isbn:0821832980},
  ISBN                     = {08-2183-298-0}
}

@Book{OlavKallenberg184,
  Title                    = {{Foundations of Modern Probability}},
  Author                   = {Kallenberg, Olav},
  Publisher                = {科学出版社},
  Year                     = {1997},
  Month                    = {Jan},

  Identifiers              = {amazon:0387953132,isbn:9780387949574,google:h7HjQwAACAAJ},
  ISBN                     = {978-03-8794-957-4}
}

@Book{DavidW.Kammler291,
  Title                    = {{A First Course in Fourier Analysis}},
  Author                   = {Kammler, David W.},
  Publisher                = {Cambridge University Press},
  Year                     = {2000},
  Month                    = {Jan},

  Identifiers              = {amazon:0521709792,isbn:9780521883405,google:znP-ADtE8ZQC},
  ISBN                     = {978-05-2188-340-5}
}

@Book{N.G.vanKampen263,
  Title                    = {{Stochastic Processes in Physics and Chemistry}},
  Author                   = {van Kampen, N. G.},
  Publisher                = {Elsevier},
  Year                     = {2007},
  Month                    = {May},

  Identifiers              = {amazon:0444529659,isbn:9780444529657,google:N6II-6HlPxEC},
  ISBN                     = {978-04-4452-965-7}
}

@Book{D.Kannan55,
  Title                    = {{Handbook of Stochastic Analysis and Applications}},
  Author                   = {Kannan, D. and Lakshmikantham, V.},
  Publisher                = {CRC Press},
  Year                     = {2001},
  Month                    = {Oct},

  Identifiers              = {amazon:0824706609,isbn:9780824706609,google:QVyc0coIjhMC},
  ISBN                     = {978-08-2470-660-9}
}

@Book{RamP.Kanwal380,
  Title                    = {{Generalized Functions: Theory and Technique}},
  Author                   = {Kanwal, Ram P.},
  Publisher                = {Academic Press},
  Year                     = {1983},
  Month                    = {Jan},

  Identifiers              = {amazon:0123965608,isbn:9780123965608,google:S9yxAAAAIAAJ},
  ISBN                     = {978-01-2396-560-8}
}

@Book{IoannisKaratzas172,
  Title                    = {{Brownian Motion and Stochastic Calculus}},
  Author                   = {Karatzas, Ioannis and Shreve, Steven E.},
  Publisher                = {Springer},
  Year                     = {1988},
  Month                    = {Jan},

  Identifiers              = {amazon:0387976558,isbn:9780387976556,google:ATNy\_Zg3PSsC},
  ISBN                     = {978-03-8797-655-6}
}

@Book{SamuelKarlin232,
  Title                    = {{A Second Course in Stochastic Processes}},
  Author                   = {Karlin, Samuel and Taylor, Howard Milton},
  Publisher                = {Academic Press},
  Year                     = {1981},
  Month                    = {May},

  Identifiers              = {amazon:0123986508,isbn:9780123986504,google:nGy0nAxwOI0C},
  ISBN                     = {978-01-2398-650-4}
}

@Book{SamuelKarlin233,
  Title                    = {{A First Course in Stochastic Processes}},
  Author                   = {Karlin, Samuel and Taylor, Howard M.},
  Publisher                = {Academic Press},
  Year                     = {1973},
  Month                    = {Jan},

  Identifiers              = {amazon:0123985528,isbn:9780123985521,google:Vq69ZDOyLIUC},
  ISBN                     = {978-01-2398-552-1}
}

@Book{JohnL.Kelley169,
  Title                    = {{Measure and Integral}},
  Author                   = {Kelley, John L. and Srinivasan, T. P.},
  Publisher                = {Springer},
  Year                     = {1988},
  Month                    = {Sep},

  Identifiers              = {isbn:9780387966335},
  ISBN                     = {978-03-8796-633-5}
}

@Book{J.Kevorkian250,
  Title                    = {{Partial Differential Equations: Analytical Solution Techniques}},
  Author                   = {Kevorkian, J.},
  Publisher                = {Springer},
  Year                     = {1990},
  Month                    = {Oct},

  Identifiers              = {amazon:0534122167,isbn:9780534122164,google:j\_BVcgAACAAJ},
  ISBN                     = {978-05-3412-216-4}
}

@Book{J.Kevorkian278,
  Title                    = {{Multiple Scale and Singular Perturbation Methods}},
  Author                   = {Kevorkian, J. and Cole, Julian D.},
  Publisher                = {Springer},
  Year                     = {1996},
  Month                    = {May},

  Identifiers              = {amazon:0387942025,isbn:9780387942025,douban:6344190,google:NQWlB9myvtoC},
  ISBN                     = {978-03-8794-202-5}
}

@Book{RafailKhasminskii36,
  Title                    = {{Stochastic Stability of Differential Equations}},
  Author                   = {Khasminskii, Rafail and Milstein, Grigori Noah},
  Publisher                = {Springer},
  Year                     = {2011},
  Month                    = {Sep},

  Identifiers              = {amazon:3642232795,isbn:9783642232794,google:4hT60oIArOUC},
  ISBN                     = {978-36-4223-279-4}
}

@Book{JaanKiusalaas361,
  Title                    = {{Numerical Methods in Engineering With MATLAB ®}},
  Author                   = {Kiusalaas, Jaan},
  Publisher                = {Cambridge University Press},
  Year                     = {2009},
  Month                    = {Sep},

  Identifiers              = {amazon:0521191335,isbn:9780521191333,google:E4NoiNhdl8sC},
  ISBN                     = {978-05-2119-133-3}
}

@Book{J.Kiusalaas392,
  Title                    = {{Numerical Methods in Engineering With Python}},
  Author                   = {Kiusalaas, J.},
  Publisher                = {Cambridge University Press},
  Year                     = {2005},
  Month                    = {Jun},

  Identifiers              = {amazon:0521852870,isbn:9780521852876,google:WiDie-hev1kC},
  ISBN                     = {978-05-2185-287-6}
}

@Book{FimaC.Klebaner306,
  Title                    = {{Introduction to Stochastic Calculus With Applications}},
  Author                   = {Klebaner, Fima C.},
  Publisher                = {Imperial College Press},
  Year                     = {1999},
  Month                    = {Jan},

  Identifiers              = {amazon:1860945554,isbn:9781848168329,google:JYzW0uqQxB0C},
  ISBN                     = {978-18-4816-832-9}
}

@Book{PeterKloeden149,
  Title                    = {{Numerical Solution of Stochastic Differential Equations}},
  Author                   = {Kloeden, Peter and Platen, Eckhard},
  Publisher                = {Springer-Verlag},
  Year                     = {1992},
  Month                    = {Mar},

  Identifiers              = {amazon:364208107X,isbn:9780387540627,google:7bkZAQAAIAAJ},
  ISBN                     = {978-03-8754-062-7}
}

@Book{PeterE.Kloeden399,
  Title                    = {{Numerical Solution of Stochastic Differential Equations}},
  Author                   = {Kloeden, Peter E. and Platen, Eckhard},
  Publisher                = {Springer-Verlag},
  Year                     = {1992},
  Month                    = {Jan},

  Identifiers              = {amazon:0387540628,isbn:9780387540627,google:apC7QgAACAAJ},
  ISBN                     = {978-03-8754-062-7}
}

@Book{PeterE.Kloeden396,
  Title                    = {{Numerical Solution of SDE Through Computer Experiments}},
  Author                   = {Kloeden, Peter E. and Platen, Eckhard and Schurz, Henri},
  Publisher                = {Springer},
  Year                     = {1994},
  Month                    = {Jan},

  Identifiers              = {amazon:3540570748,isbn:9783540570745,google:M\_\_2HPoFiWoC},
  ISBN                     = {978-35-4057-074-5}
}

@Book{KonradKnopp7,
  Title                    = {{Infinite Sequences and Series}},
  Author                   = {Knopp, Konrad},
  Publisher                = {Dover Publications},
  Year                     = {1956},
  Month                    = {Jan},

  Identifiers              = {amazon:0486601536,isbn:9780486601533,google:Pv\_Aa9d6ovsC},
  ISBN                     = {978-04-8660-153-3}
}

@Book{DonaldE.Knuth366,
  Title                    = {{Mathematical Writing}},
  Author                   = {Knuth, Donald E. and Larrabee, Tracy and Roberts, Paul M.},
  Publisher                = {Cambridge University Press},
  Year                     = {1989},
  Month                    = {Jan},

  Identifiers              = {amazon:088385063X,isbn:9780883850633,google:dDOehHMbUMcC},
  ISBN                     = {978-08-8385-063-3}
}

@Book{VladimirBorisovichKolmanovskii350,
  Title                    = {{Stability of Functional Differential Equations}},
  Author                   = {Kolmanovskii, Vladimir Borisovich and Nosov, V. R.},
  Publisher                = {Academic Press},
  Year                     = {1986},
  Month                    = {Feb},

  Identifiers              = {amazon:012417941X,isbn:9780124179400,google:QNb0pBGcaMQC},
  ISBN                     = {978-01-2417-940-0}
}

@Book{V.N.Kolokoltsov220,
  Title                    = {{Markov Processes, Semigroups, and Generators}},
  Author                   = {Kolokoltsov, V. N.},
  Publisher                = {Walter de Gruyter},
  Year                     = {2011},
  Month                    = {Mar},

  Identifiers              = {isbn:9783110250107,google:9Eii0wZFJDMC},
  ISBN                     = {978-31-1025-010-7}
}

@Book{V.N.Kolokoltsov413,
  Title                    = {{Markov Processes, Semigroups, and Generators}},
  Author                   = {Kolokoltsov, V. N.},
  Publisher                = {Walter de Gruyter},
  Year                     = {2011},
  Month                    = {Mar},

  Identifiers              = {isbn:9783110250107,google:9Eii0wZFJDMC},
  ISBN                     = {978-31-1025-010-7}
}

@Book{PeterKotelenez340,
  Title                    = {{Stochastic Ordinary and Stochastic Partial Differential Equations: Transition From Microscopic to Macroscopic Equations}},
  Author                   = {Kotelenez, Peter},
  Publisher                = {Springer},
  Year                     = {2008},
  Month                    = {Jan},

  Identifiers              = {amazon:0387743162,isbn:9780387743165,google:mDh4GThFZHUC},
  ISBN                     = {978-03-8774-316-5}
}

@Book{StevenG.Krantz156,
  Title                    = {{A Handbook of Real Variables: With Applications to Differential Equations and Fourier Analysis}},
  Author                   = {Krantz, Steven G.},
  Publisher                = {Springer},
  Year                     = {2004},
  Month                    = {Jan},

  Identifiers              = {amazon:081764329X,isbn:9780817643294,google:Oa6vKAYSKwYC},
  ISBN                     = {978-08-1764-329-4}
}

@Book{StevenG.Krantz157,
  Title                    = {{Real Analysis and Foundations, Second Edition}},
  Author                   = {Krantz, Steven G.},
  Publisher                = {Taylor \& Francis},
  Year                     = {2004},
  Month                    = {Nov},

  Identifiers              = {amazon:1466587318,isbn:9781584884835,google:QvdcngEACAAJ},
  ISBN                     = {978-15-8488-483-5}
}

@Book{StevenGeorgeKrantz132,
  Title                    = {{A Primer of Mathematical Writing: Being a Disquisition on Having Your Ideas Recorded, Typeset, Published, Read \& Appreciated}},
  Author                   = {Krantz, Steven George},
  Publisher                = {American Mathematical Soc.},
  Year                     = {1996},
  Month                    = {Dec},

  Identifiers              = {amazon:0821806351,isbn:9780821806357,google:EYHFObaUIdIC},
  ISBN                     = {978-08-2180-635-7}
}

@Book{PaulKree120,
  Title                    = {{Probabilistic Methods in Applied Physics}},
  Author                   = {Kree, Paul and Wedig, W.},
  Publisher                = {Springer},
  Year                     = {1995},
  Month                    = {Apr},

  Identifiers              = {amazon:3540602143,isbn:9783540602149,google:tJPvAAAAMAAJ},
  ISBN                     = {978-35-4060-214-9}
}

@Book{ErwinKreyszig205,
  Title                    = {{Introductory Functional Analysis With Applications}},
  Author                   = {Kreyszig, Erwin},
  Publisher                = {Wiley},
  Year                     = {1989},
  Month                    = {Feb},

  Identifiers              = {amazon:0471504599,isbn:9780471504597,douban:1478252},
  ISBN                     = {978-04-7150-459-7}
}

@Book{Hui-HsiungKuo19,
  Title                    = {{Introduction to Stochastic Integration}},
  Author                   = {Kuo, Hui-Hsiung},
  Publisher                = {Springer},
  Year                     = {2006},
  Month                    = {Jan},

  Identifiers              = {amazon:0387287205,isbn:9780387287201,google:hrRpqLYOsyAC},
  ISBN                     = {978-03-8728-720-1}
}

@Book{KazimierzKuratowski86,
  Title                    = {{Introduction to Calculus}},
  Author                   = {Kuratowski, Kazimierz},
  Publisher                = {Limusa-Wiley},
  Year                     = {1961},
  Month                    = {Jun},

  Identifiers              = {amazon:B0007IT5LU,google:CxxSewAACAAJ}
}

@Book{DouglasS.Kurtz191,
  Title                    = {{Theories of Integration}},
  Author                   = {Kurtz, Douglas S. and Kurzweil, Jaroslav and Swartz, Charles W.},
  Publisher                = {World Scientific},
  Year                     = {2004},
  Month                    = {Feb},

  Identifiers              = {amazon:9812388435,isbn:9789812388438,google:clhY9O\_\_t6QC},
  ISBN                     = {978-98-1238-843-8}
}

@Book{HaroldKushner454,
  Title                    = {{Stochastic Approximation and Recursive Algorithms and Applications}},
  Author                   = {Kushner, Harold and Yin, G. George},
  Publisher                = {Springer},
  Year                     = {2003},
  Month                    = {Jul},

  Identifiers              = {amazon:0387008942,isbn:9780387008943,google:EC2w1SaPb7YC},
  ISBN                     = {978-03-8700-894-3}
}

@Book{ChungKaiLai249,
  Title                    = {{Elementary Probability Theory: With Stochastic Processes}},
  Author                   = {Lai, Chung Kai},
  Publisher                = {Narosa Publishing House},
  Year                     = {1978},
  Month                    = {Sep},

  Identifiers              = {isbn:9783540780144},
  ISBN                     = {978-35-4078-014-4}
}

@Book{JohnLamperti153,
  Title                    = {{Stochastic Processes: A Survey of the Mathematical Theory}},
  Author                   = {Lamperti, John},
  Publisher                = {Springer},
  Year                     = {1977},
  Month                    = {Sep},

  Identifiers              = {amazon:0387902759,isbn:9780387902753,google:nxfvAAAAMAAJ},
  ISBN                     = {978-03-8790-275-3}
}

@Book{PeterLancaster139,
  Title                    = {{Curve \& Surface Fitting}},
  Author                   = {Lancaster, Peter and \u{S}alkauskas, Kȩstutis},
  Publisher                = {Academic Press},
  Year                     = {1986},
  Month                    = {Feb},

  Identifiers              = {amazon:0124360602,isbn:9780124360600,google:eZIQAQAAIAAJ},
  ISBN                     = {978-01-2436-060-0}
}

@Book{SergeLang260,
  Title                    = {{Undergraduate Analysis}},
  Author                   = {Lang, Serge},
  Publisher                = {Springer},
  Year                     = {1996},
  Month                    = {Dec},

  Identifiers              = {amazon:0387948414,isbn:9780387948416,google:e54cqeAmf4QC},
  ISBN                     = {978-03-8794-841-6}
}

@Book{PaulaLarocque212,
  Title                    = {{The Book on Writing: The Ultimate Guide to Writing Well}},
  Author                   = {Larocque, Paula},
  Publisher                = {Marion Street Press},
  Year                     = {2003},
  Month                    = {Aug},

  Identifiers              = {isbn:9780966517699,google:EQAvAAAAYAAJ},
  ISBN                     = {978-09-6651-769-9}
}

@Book{PeterD.Lax177,
  Title                    = {{Linear Algebra and Its Applications}},
  Author                   = {Lax, Peter D.},
  Publisher                = {John Wiley \& Sons},
  Year                     = {2007},
  Month                    = {Sep},

  Identifiers              = {amazon:0471751561,isbn:9780471751564,google:e7FJM6aqZD8C},
  ISBN                     = {978-04-7175-156-4}
}

@Book{PeterD.Lax178,
  Title                    = {{Functional Analysis}},
  Author                   = {Lax, Peter D.},
  Publisher                = {Wiley},
  Year                     = {2002},
  Month                    = {Apr},

  Identifiers              = {amazon:0471556041,isbn:9780471556046,google:-jbvAAAAMAAJ},
  ISBN                     = {978-04-7155-604-6}
}

@Book{ElliottH.Lieb423,
  Title                    = {{Analysis}},
  Author                   = {Lieb, Elliott H. and Loss, Michael},
  Publisher                = {American Mathematical Soc.},
  Year                     = {2001},
  Month                    = {Sep},

  Identifiers              = {isbn:0821827839},
  ISBN                     = {08-2182-783-9}
}

@Book{ElliottH.Lieb72,
  Title                    = {{Analysis}},
  Author                   = {Lieb, Elliott H. and Loss, Michael},
  Publisher                = {American Mathematical Soc.},
  Year                     = {2001},
  Month                    = {Sep},

  Identifiers              = {isbn:0821827839},
  ISBN                     = {08-2182-783-9}
}

@Book{C.C.Lin31,
  Title                    = {{Mathematics Applied to Deterministic Problems in the Natural Sciences}},
  Author                   = {Lin, C. C. and Segel, L. A.},
  Publisher                = {SIAM},
  Year                     = {1974},
  Month                    = {Jan},

  Identifiers              = {amazon:0898712297,isbn:9780898712292,google:DWiahHZ0GW8C},
  ISBN                     = {978-08-9871-229-2}
}

@Book{RobertLiptser484,
  Title                    = {{Theory of Martingales}},
  Author                   = {Liptser, Robert and Shiryayev, A. N.},
  Publisher                = {Springer},
  Year                     = {2011},
  Month                    = {Oct},

  Identifiers              = {amazon:0792303954,isbn:9789401076005,google:2-E-ngEACAAJ},
  ISBN                     = {978-94-0107-600-5}
}

@Book{JeLittlewood487,
  Title                    = {{A Mathematicians Miscellany}},
  Author                   = {Littlewood, Je},
  Publisher                = {Nabu Press},
  Year                     = {2011},
  Month                    = {Aug},

  Identifiers              = {amazon:1179121511,isbn:9781179121512,google:7JBxpwAACAAJ},
  ISBN                     = {978-11-7912-151-2}
}

@Book{JohnEdensorLittlewood395,
  Title                    = {{Lectures on the Theory of Functions}},
  Author                   = {Littlewood, John Edensor},
  Publisher                = {Oxford University Press},
  Year                     = {1944},
  Month                    = {Dec},

  Identifiers              = {google:yAqoAAAAIAAJ}
}

@Book{JohnDavidLogan247,
  Title                    = {{An introduction to nonlinear partial differential equations}},
  Author                   = {Logan, John David},
  Publisher                = {John Wiley and Sons},
  Year                     = {2008},
  Month                    = {Feb},

  Identifiers              = {isbn:9780470225950},
  ISBN                     = {978-04-7022-595-0}
}

@Book{GabrielJ.Lord466,
  Title                    = {{An Introduction to Computational Stochastic PDEs}},
  Author                   = {Lord, Gabriel J. and Powell, Catherine E. and Shardlow, Tony},
  Publisher                = {Cambridge University Press},
  Year                     = {2014},
  Month                    = {Aug},

  Identifiers              = {amazon:0521728525,isbn:9780521728522,google:oiaSngEACAAJ},
  ISBN                     = {978-05-2172-852-2}
}

@Book{BarbaraMacCluer358,
  Title                    = {{Elementary Functional Analysis}},
  Author                   = {MacCluer, Barbara},
  Publisher                = {Springer},
  Year                     = {2009},
  Month                    = {Mar},

  Identifiers              = {amazon:0387855289,isbn:9780387855288,google:bs6tngEACAAJ},
  ISBN                     = {978-03-8785-528-8}
}

@Book{PaulMalliavin126,
  Title                    = {{Integration and Probability}},
  Author                   = {Malliavin, Paul},
  Publisher                = {Springer},
  Year                     = {1995},
  Month                    = {Sep},

  Identifiers              = {isbn:9780387944098},
  ISBN                     = {978-03-8794-409-8}
}

@Book{Mao2007,
  Title                    = {{Stochastic Differential Equations and Applications}},
  Author                   = {Mao, X},
  Publisher                = {Horwood Pub.},
  Year                     = {2007},
  Month                    = {Dec},

  Identifiers              = {amazon:1904275346,isbn:9781904275343,google:vlaI\_vmm5QMC},
  ISBN                     = {978-19-0427-534-3}
}

@Book{Mao1994,
  Title                    = {{Exponential Stability of Stochastic Differential Equations}},
  Author                   = {Mao, Xuerong},
  Publisher                = {CRC Press},
  Year                     = {1994},
  Month                    = {May},

  Identifiers              = {amazon:0824790804,isbn:9780824790806,google:KNiMPgAACAAJ},
  ISBN                     = {978-08-2479-080-6}
}

@Book{VojislavMaric119,
  Title                    = {{Regular Variation and Differential Equations}},
  Author                   = {Maric, Vojislav},
  Publisher                = {Springer},
  Year                     = {2000},
  Month                    = {Apr},

  Identifiers              = {isbn:9783540671602,google:QGxNFw\_YpNAC},
  ISBN                     = {978-35-4067-160-2}
}

@Book{JerroldE.Marsden302,
  Title                    = {{Basic Complex Analysis}},
  Author                   = {Marsden, Jerrold E. and Hoffman, Michael J.},
  Publisher                = {W. H. Freeman},
  Year                     = {1998},
  Month                    = {Dec},

  Identifiers              = {amazon:071672877X,isbn:9780716728771,google:Z26tKIymJjMC},
  ISBN                     = {978-07-1672-877-1}
}

@Book{JerroldE.Marsden303,
  Title                    = {{An{\'a}lisis cl{\'a}sico elemental}},
  Author                   = {Marsden, Jerrold E. and Hoffman, Michael J.},
  Publisher                = {Simon \& Schuster},
  Year                     = {1997},
  Month                    = {Oct},

  Identifiers              = {isbn:9780201653694,google:LWGWAAAACAAJ},
  ISBN                     = {978-02-0165-369-4}
}

@Book{JerroldE.Marsden304,
  Title                    = {{Elementary Classical Analysis}},
  Author                   = {Marsden, Jerrold E. and Hoffman, Michael J.},
  Publisher                = {Freeman},
  Year                     = {1974},
  Month                    = {Feb},

  Identifiers              = {amazon:0716721058,isbn:9780716704522,google:isBTRgAACAAJ},
  ISBN                     = {978-07-1670-452-2}
}

@Book{JerroldE.Marsden272,
  Title                    = {{Calculo Vectorial}},
  Author                   = {Marsden, Jerrold E. and Tromba, Anthony J.},
  Publisher                = {Addison-Wesley Iberoamericana},
  Year                     = {1991},
  Month                    = {May},

  Identifiers              = {amazon:0201629356,isbn:9780201629354,google:6xfBOwAACAAJ},
  ISBN                     = {978-02-0162-935-4}
}

@Book{K.R.Matthews130,
  Title                    = {{Elementary Linear Algebra}},
  Author                   = {Matthews, K. R. and Mathematics, University Of Queesland. Department Of},
  Publisher                = {Department of Mathematics, University of Queesland},
  Year                     = {1991},
  Month                    = {Sep},

  Identifiers              = {google:-RYEGwAACAAJ}
}

@Book{PaulC.Matthews406,
  Title                    = {{Vector Calculus}},
  Author                   = {Matthews, Paul C.},
  Publisher                = {Springer},
  Year                     = {1998},
  Month                    = {Jan},

  Identifiers              = {amazon:3540761802,isbn:9783540761808,google:9wmR7kDdO8EC},
  ISBN                     = {978-35-4076-180-8}
}

@Book{may2001stability,
  Title                    = {Stability and Complexity in Model Ecosystems},
  Author                   = {May, R.M.C.},
  Publisher                = {Princeton University Press},
  Year                     = {2001},
  Series                   = {Landmarks in Biology Series},

  ISBN                     = {9780691088617}
}

@Book{HenryP.McKean189,
  Title                    = {{Stochastic Integrals}},
  Author                   = {McKean, Henry P.},
  Publisher                = {American Mathematical Soc.},
  Year                     = {1969},
  Month                    = {Nov},

  Identifiers              = {amazon:0821838873,isbn:9780821838877,google:WnZ9rCT2b4cC},
  ISBN                     = {978-08-2183-887-7}
}

@Book{DavidM.McMahon224,
  Title                    = {{A beginners guide to Mathematica}},
  Author                   = {McMahon, David M. and Topa, Daniel M.},
  Publisher                = {Chapman \& Hall/CRC},
  Year                     = {2006},
  Month                    = {Mar},

  Identifiers              = {isbn:9781584884675},
  ISBN                     = {978-15-8488-467-5}
}

@Book{J.M.McNamee23,
  Title                    = {{Numerical Methods for Roots of Polynomials}},
  Author                   = {McNamee, J. M.},
  Publisher                = {Elsevier},
  Year                     = {2007},
  Month                    = {Aug},

  Identifiers              = {amazon:044452729X,isbn:9780444527295,google:FP8kAQAAIAAJ},
  ISBN                     = {978-04-4452-729-5}
}

@Book{DonaldAllanMcquarrie364,
  Title                    = {{Molecular Thermodynamics}},
  Author                   = {Mcquarrie, Donald Allan and Simon, John Douglas},
  Publisher                = {University Science Books},
  Year                     = {1999},
  Month                    = {Sep},

  Identifiers              = {isbn:9781891389054,douban:4616512,google:TqAIJ27C2isC},
  ISBN                     = {978-18-9138-905-4}
}

@Book{RobertMecklenburg477,
  Title                    = {{Managing Projects With GNU Make}},
  Author                   = {Mecklenburg, Robert},
  Publisher                = {O'Reilly Media},
  Year                     = {2004},
  Month                    = {Nov},

  Identifiers              = {amazon:0596006101,isbn:9780596006105,google:eDebAgAAQBAJ},
  ISBN                     = {978-05-9600-610-5}
}

@Book{RobertMesser388,
  Title                    = {{Linear algebra: gateway to mathematics}},
  Author                   = {Messer, Robert},
  Publisher                = {HarperCollins College Publishers},
  Year                     = {1993},
  Month                    = {Nov},

  Identifiers              = {isbn:9780065017281},
  ISBN                     = {978-00-6501-728-1}
}

@Book{CarlMeyer322,
  Title                    = {{Matrix Analysis and Applied Linear Algebra Book and Solutions Manual}},
  Author                   = {Meyer, Carl},
  Publisher                = {SIAM},
  Year                     = {2000},
  Month                    = {Jun},

  Identifiers              = {isbn:9780898714548,google:HoNgdpJWnWMC},
  ISBN                     = {978-08-9871-454-8}
}

@Book{MichaelJ.Meyer371,
  Title                    = {{Continuous stochastic calculus with applications to finance}},
  Author                   = {Meyer, Michael J.},
  Publisher                = {Chapman \& Hall/CRC},
  Year                     = {2001},
  Month                    = {Mar},

  Identifiers              = {isbn:9781584882343},
  ISBN                     = {978-15-8488-234-3}
}

@Book{RonaldE.Mickens267,
  Title                    = {{Truly Nonlinear Oscillations: Harmonic Balance, Parameter Expansions, Iteration, and Averaging Methods}},
  Author                   = {Mickens, Ronald E.},
  Publisher                = {World Scientific},
  Year                     = {2010},
  Month                    = {Jan},

  Identifiers              = {amazon:981429165X,isbn:9789814291651,google:OnZuCrF0YkMC},
  ISBN                     = {978-98-1429-165-1}
}

@Book{RonaldE.Mickens265,
  Title                    = {{Advances in the Applications of Nonstandard Finite Difference Schemes}},
  Author                   = {Mickens, Ronald E.},
  Publisher                = {World Scientific},
  Year                     = {2005},
  Month                    = {Oct},

  Identifiers              = {amazon:9812564047,isbn:9789812564047,google:0jIeIV0LCggC},
  ISBN                     = {978-98-1256-404-7}
}

@Book{RonaldE.Mickens266,
  Title                    = {{Mathematical Methods for the Natural and Engineering Sciences}},
  Author                   = {Mickens, Ronald E.},
  Publisher                = {World Scientific},
  Year                     = {2004},
  Month                    = {Jan},

  Identifiers              = {isbn:9789812387509,google:MJYo9crHBaYC},
  ISBN                     = {978-98-1238-750-9}
}

@Book{RonaldE.Mickens268,
  Title                    = {{Applications of Nonstandard Finite Difference Schemes}},
  Author                   = {Mickens, Ronald E.},
  Publisher                = {World Scientific},
  Year                     = {2000},
  Month                    = {Jan},

  Identifiers              = {amazon:981024133X,isbn:9789810241339,google:0mrhKbrgmGUC},
  ISBN                     = {978-98-1024-133-9}
}

@Book{ThomasMikosch11,
  Title                    = {{Elementary Stochastic Calculus With Finance in View}},
  Author                   = {Mikosch, Thomas},
  Publisher                = {World Scientific},
  Year                     = {1998},
  Month                    = {Aug},

  Identifiers              = {amazon:9810235437,isbn:9789810235437,google:bHKBWbxTmwcC},
  ISBN                     = {978-98-1023-543-7}
}

@Book{G.N.Milstein463,
  Title                    = {{Numerical Integration of Stochastic Differential Equations}},
  Author                   = {Milstein, G. N.},
  Publisher                = {Springer},
  Year                     = {2010},
  Month                    = {Dec},

  Identifiers              = {amazon:079233213X,isbn:9789048144877,google:eYKKcgAACAAJ},
  ISBN                     = {978-90-4814-487-7}
}

@Book{GrigoriNoahMilstein470,
  Title                    = {{Stochastic Numerics for Mathematical Physics}},
  Author                   = {Milstein, Grigori Noah and Tretyakov, Michael V.},
  Publisher                = {Springer},
  Year                     = {2010},
  Month                    = {Dec},

  Identifiers              = {amazon:3642059309,isbn:9783642059308,google:TbtjcgAACAAJ},
  ISBN                     = {978-36-4205-930-8}
}

@Book{S.E.A.Mohammed379,
  Title                    = {{Stochastic Functional Differential Equations}},
  Author                   = {Mohammed, S. E. A.},
  Publisher                = {Longman Higher Education},
  Year                     = {1984},
  Month                    = {Mar},

  Identifiers              = {amazon:027308593X,isbn:9780273085935,google:C6fzoTRUtioC},
  ISBN                     = {978-02-7308-593-5}
}

@Book{MonaganGeddesHealLabahnVorkoetterMcCarronDeMarco85,
  Title                    = {{Maple 12: Introductory Programming Guide}},
  Author                   = {Monagan, Geddes Heal Labahn Vorkoetter McCarron DeMarco},
  Publisher                = {Maplesoft},
  Year                     = {2008},
  Month                    = {Jun},

  Identifiers              = {isbn:9781897310465,google:7\_RQNwAACAAJ},
  ISBN                     = {978-18-9731-046-5}
}

@Book{M.B.Monagan32,
  Title                    = {{Maple 9: Advanced Programming Guide}},
  Author                   = {Monagan, M. B.},
  Publisher                = {Maplesoft},
  Year                     = {2003},
  Month                    = {Jun},

  Identifiers              = {isbn:9781894511445,google:X18RAAAACAAJ},
  ISBN                     = {978-18-9451-144-5}
}

@Book{JamesR.Munkres281,
  Title                    = {{Topology}},
  Author                   = {Munkres, James R.},
  Publisher                = {Prentice Hall},
  Year                     = {2000},
  Month                    = {Sep}
}

@Book{A.N.42,
  Title                    = {{Elements of the Theory of Functions and Functional Analysis. Volume 1: Metric and Normed Spaces.}},
  Author                   = {N., A. and Kolmogorov, S. V. Fomin},
  Publisher                = {Graylock,},
  Year                     = {1957},
  Month                    = {Mar},

  Identifiers              = {amazon:B000R09AHW}
}

@Book{JamesM.Ortega300,
  Title                    = {{Numerical Analysis: A Second Course}},
  Author                   = {Ortega, James M.},
  Publisher                = {SIAM},
  Year                     = {1987},
  Month                    = {Jan},

  Identifiers              = {amazon:0898712505,isbn:9780898712506,google:DboVs3T2UnoC},
  ISBN                     = {978-08-9871-250-6}
}

@Book{AthanasiosPapoulis134,
  Title                    = {{Probability, Random Variables and Stochastic Processes}},
  Author                   = {Papoulis, Athanasios},
  Publisher                = {Mcgraw-Hill College},
  Year                     = {1991},
  Month                    = {Feb},

  Identifiers              = {amazon:0070484775,isbn:9780070484771,google:4IwQAQAAIAAJ},
  ISBN                     = {978-00-7048-477-1}
}

@Book{WaldemarDosPassos230,
  Title                    = {{Numerical Methods, Algorithms, and Tools in C♯}},
  Author                   = {Passos, Waldemar Dos},
  Publisher                = {CRC Press},
  Year                     = {2010},
  Month                    = {Jun},

  Identifiers              = {isbn:9780849374791,google:SzkCAQAACAAJ},
  ISBN                     = {978-08-4937-479-1}
}

@Book{WaldemarDosPassos411,
  Title                    = {{Numerical Methods, Algorithms, and Tools in C♯}},
  Author                   = {Passos, Waldemar Dos},
  Publisher                = {CRC Press},
  Year                     = {2010},
  Month                    = {Jun},

  Identifiers              = {isbn:9780849374791,google:SzkCAQAACAAJ},
  ISBN                     = {978-08-4937-479-1}
}

@Book{AllanPease441,
  Title                    = {{The Definitive Book of Body Language}},
  Author                   = {Pease, Allan and Pease, Barbara},
  Publisher                = {Bantam},
  Year                     = {2006},
  Month                    = {Jul},

  Identifiers              = {amazon:0553804723,isbn:9780553804720,google:5K439CK1dvAC},
  ISBN                     = {978-05-5380-472-0}
}

@Book{GoranPeskir198,
  Title                    = {{Optimal Stopping and Free-Boundary Problems}},
  Author                   = {Peskir, Goran and Shiryaev, Albert},
  Publisher                = {Birkh{\"a}user},
  Year                     = {2006},
  Month                    = {Sep},

  Identifiers              = {amazon:3764324198,isbn:9783764324193},
  ISBN                     = {978-37-6432-419-3}
}

@Book{KarlE.Petersen143,
  Title                    = {{Ergodic Theory}},
  Author                   = {Petersen, Karl E.},
  Publisher                = {Cambridge University Press},
  Year                     = {1989},
  Month                    = {Jan},

  Identifiers              = {amazon:0521236320,isbn:9780521236324},
  ISBN                     = {978-05-2123-632-4}
}

@Book{LeePhillips175,
  Title                    = {{Gnuplot Cookbook}},
  Author                   = {Phillips, Lee},
  Publisher                = {Packt Publishing},
  Year                     = {2012},
  Month                    = {Feb},

  Identifiers              = {amazon:184951724X,isbn:9781849517249,google:TmsOmAEACAAJ},
  ISBN                     = {978-18-4951-724-9}
}

@Book{MarkA.Pinsky404,
  Title                    = {{An Introduction to Stochastic Modeling}},
  Author                   = {Pinsky, Mark A. and Karlin, Samuel},
  Publisher                = {Academic Press},
  Year                     = {2010},
  Month                    = {Dec},

  Identifiers              = {amazon:0123814162,isbn:9780123814166,google:PqUmjp7k1kEC},
  ISBN                     = {978-01-2381-416-6}
}

@Book{MarkA.Pinsky433,
  Title                    = {{Diffusion Processes and Related Problems in Analysis: Stochastic Flows}},
  Author                   = {Pinsky, Mark A. and Wihstutz, Volker and {Northwestern University (evanston}, Ill.). Dept. Of Mathematics},
  Publisher                = {Birkh{\"a}user},
  Year                     = {1992},
  Month                    = {Feb},

  Identifiers              = {amazon:0817635432,isbn:9780817635435,google:FLYZAQAAIAAJ},
  ISBN                     = {978-08-1763-543-5}
}

@Book{RossG.Pinsky344,
  Title                    = {{Positive Harmonic Functions and Diffusion}},
  Author                   = {Pinsky, Ross G.},
  Publisher                = {Cambridge University Press},
  Year                     = {1995},
  Month                    = {Jan},

  Identifiers              = {amazon:0521470145,isbn:9780521470148,google:F9sGa3BQW4sC},
  ISBN                     = {978-05-2147-014-8}
}

@Book{EckhardPlaten141,
  Title                    = {{Numerical Solution of Stochastic Differential Equations With Jumps in Finance}},
  Author                   = {Platen, Eckhard and Bruti-Liberati, Nicola},
  Publisher                = {Springer},
  Year                     = {2010},
  Month                    = {Oct},

  Identifiers              = {amazon:3642120571,isbn:9783642120572,google:YgLOjwEACAAJ},
  ISBN                     = {978-36-4212-057-2}
}

@Book{MarkPollicott226,
  Title                    = {{Dynamical Systems and Ergodic Theory}},
  Author                   = {Pollicott, Mark and Yuri, Michiko},
  Publisher                = {Cambridge University Press},
  Year                     = {1998},
  Month                    = {Jan},

  Identifiers              = {isbn:9780521572941,google:6FBfQgAACAAJ},
  ISBN                     = {978-05-2157-294-1}
}

@Book{G.Polya171,
  Title                    = {{How to Solve It: A New Aspect of Mathematical Method}},
  Author                   = {Polya, G. and Conway, John H.},
  Publisher                = {Princeton University Press},
  Year                     = {2004},
  Month                    = {Apr},

  Identifiers              = {amazon:069111966X,isbn:9780691119663,google:z\_hsbu9kyQQC},
  ISBN                     = {978-06-9111-966-3}
}

@Book{DavidPoole114,
  Title                    = {{Linear Algebra: A Modern Introduction}},
  Author                   = {Poole, David},
  Publisher                = {Brooks Cole},
  Year                     = {2005},
  Month                    = {Jan},

  Identifiers              = {amazon:0534998453,isbn:9780534998455,google:oBk3u2fDFc8C},
  ISBN                     = {978-05-3499-845-5}
}

@Book{DennisC.Prieve313,
  Title                    = {{A Course in Fluid Mechanics with Vector Field Theory}},
  Author                   = {Prieve, Dennis C.},
  Publisher                = {Academic Press},
  Year                     = {2011},
  Month                    = {Feb}
}

@Book{SergueiPrimak234,
  Title                    = {{Stochastic Methods and Their Applications to Communications: Stochastic Differential Equations Approach}},
  Author                   = {Primak, Serguei and Kontorovich, Valeri\u{i} I︠a︡kovlevich and Lyandres, Vladimir},
  Publisher                = {Wiley},
  Year                     = {2004},
  Month                    = {Sep},

  Identifiers              = {amazon:0470847417,isbn:9780470847411,google:oO9SAAAAMAAJ},
  ISBN                     = {978-04-7084-741-1}
}

@Book{ProskuriakovI.V113,
  Title                    = {{2000 Problemas De {\'A}lgebra Lineal}},
  Author                   = {{Proskuriakov I.}, V},
  Publisher                = {Revert{\'e}},
  Year                     = {2002},
  Month                    = {Jan},

  Identifiers              = {amazon:8429151095,isbn:9788429151091},
  ISBN                     = {978-84-2915-109-1}
}

@Book{MurrayH.Protter117,
  Title                    = {{Basic Elements of Real Analysis}},
  Author                   = {Protter, Murray H.},
  Publisher                = {Springer},
  Year                     = {1998},
  Month                    = {Oct},

  Identifiers              = {amazon:0387984798,isbn:9780387984797,google:kEVz\_zJXATMC},
  ISBN                     = {978-03-8798-479-7}
}

@Book{MurrayH.Protter118,
  Title                    = {{A First Course in Real Analysis}},
  Author                   = {Protter, Murray H. and Morrey, Charles Bradfield},
  Publisher                = {Springer},
  Year                     = {1977},
  Month                    = {Jan},

  Identifiers              = {isbn:9780387974378,google:0pZJeQ2lEmkC},
  ISBN                     = {978-03-8797-437-8}
}

@Book{PhilipProtter360,
  Title                    = {{Stochastic Integration and Differential Equations}},
  Author                   = {Protter, Philip},
  Publisher                = {Springer},
  Year                     = {1990},
  Month                    = {Jan},

  Identifiers              = {amazon:3540003134,isbn:9783540003137,google:mJkFuqwr5xgC},
  ISBN                     = {978-35-4000-313-7}
}

@Book{PhilipE.Protter464,
  Title                    = {{Stochastic Integration and Differential Equations}},
  Author                   = {Protter, Philip E.},
  Publisher                = {Springer},
  Year                     = {2004},
  Month                    = {Jan},

  Identifiers              = {amazon:3540003134,isbn:9783540003137,google:mJkFuqwr5xgC},
  ISBN                     = {978-35-4000-313-7}
}

@Book{AlfioQuarteroni329,
  Title                    = {{Numerical Mathematics}},
  Author                   = {Quarteroni, Alfio and Sacco, Riccardo and Saleri, Fausto},
  Publisher                = {Springer},
  Year                     = {2006},
  Month                    = {Oct},

  Identifiers              = {amazon:3540346589,isbn:9783540346586,google:31m4ahn\_KfkC},
  ISBN                     = {978-35-4034-658-6}
}

@Book{AlfioQuarteroni330,
  Title                    = {{Scientific computing with MATLAB and Octave}},
  Author                   = {Quarteroni, Alfio and Saleri, Fausto},
  Publisher                = {Springer},
  Year                     = {2006},
  Month                    = {Feb},

  Identifiers              = {isbn:9783540326120},
  ISBN                     = {978-35-4032-612-0}
}

@Book{D.C.Rapaport391,
  Title                    = {{The Art of Molecular Dynamics Simulation}},
  Author                   = {Rapaport, D. C.},
  Publisher                = {Cambridge University Press},
  Year                     = {2004},
  Month                    = {Apr},

  Identifiers              = {amazon:0521825687,isbn:9781139451765,google:iqDJ2hjqBMEC},
  ISBN                     = {978-11-3945-176-5}
}

@Book{SidneyResnick62,
  Title                    = {{A Probability Path}},
  Author                   = {Resnick, Sidney},
  Publisher                = {Springer},
  Year                     = {1998},
  Month                    = {Dec},

  Identifiers              = {amazon:081764055X,isbn:9780817640552,google:T9-PMDSVDNsC},
  ISBN                     = {978-08-1764-055-2}
}

@Book{DanielRevuz128,
  Title                    = {{Continuous Martingales and Brownian Motion}},
  Author                   = {Revuz, Daniel and Yor, Marc},
  Publisher                = {Springer},
  Year                     = {1999},
  Month                    = {Jan},

  Identifiers              = {amazon:3540643257,isbn:9783540643258,google:1ml95FLM5koC},
  ISBN                     = {978-35-4064-325-8}
}

@Book{HannesRisken310,
  Title                    = {{The Fokker-Planck Equation: Methods of Solution and Applications}},
  Author                   = {Risken, Hannes and Frank, Till},
  Publisher                = {Springer},
  Year                     = {1989},
  Month                    = {Aug},

  Identifiers              = {amazon:354061530X,isbn:9783540504986,google:AYP3NAEACAAJ},
  ISBN                     = {978-35-4050-498-6}
}

@Book{SergejRjasanow69,
  Title                    = {{Stochastic Numerics for the Boltzmann Equation}},
  Author                   = {Rjasanow, Sergej and Wagner, Wolfgang},
  Publisher                = {Springer},
  Year                     = {2005},
  Month                    = {May},

  Identifiers              = {amazon:3540252681,isbn:9783540252689,google:QqNhkgEACAAJ},
  ISBN                     = {978-35-4025-268-9}
}

@Book{L.C.G.Rogers262,
  Title                    = {{Diffusions, Markov Processes, and Martingales, Foundations}},
  Author                   = {Rogers, L. C. G. and Williams, David},
  Publisher                = {Wiley},
  Year                     = {1995},
  Month                    = {Apr},

  Identifiers              = {amazon:0521775949,isbn:9780471950615,google:d-W3nQEACAAJ},
  ISBN                     = {978-04-7195-061-5}
}

@Book{L.C.G.Rogers261,
  Title                    = {{Diffusions, Markov Processes, and Martingales}},
  Author                   = {Rogers, L. C. G. and Williams, David},
  Publisher                = {Cambridge University Press},
  Year                     = {1979},
  Month                    = {Jan},

  Identifiers              = {amazon:0521775930,isbn:9780521775939,google:bDQy-zoHWfcC},
  ISBN                     = {978-05-2177-593-9}
}

@Book{KennethA.Ross248,
  Title                    = {{Elementary Analysis: The Theory of Calculus}},
  Author                   = {Ross, Kenneth A.},
  Publisher                = {Springer},
  Year                     = {1980},
  Month                    = {Mar},

  Identifiers              = {amazon:1461462703,isbn:9780387904597,google:u6s8AAAAIAAJ},
  ISBN                     = {978-03-8790-459-7}
}

@Book{SheldonMRoss96,
  Title                    = {{Introduction to Probability Models, Student Solutions Manual (E-Only): Introduction to Probability Models 10th Edition}},
  Author                   = {Ross, Sheldon M},
  Publisher                = {Academic Press},
  Year                     = {2010},
  Month                    = {Jan},

  Identifiers              = {isbn:9780123814463,google:HKwN0A5-5wwC},
  ISBN                     = {978-01-2381-446-3}
}

@Book{SheldonM.Ross405,
  Title                    = {{Stochastic Processes}},
  Author                   = {Ross, Sheldon M.},
  Publisher                = {Wiley},
  Year                     = {1995},
  Month                    = {Jan},

  Identifiers              = {amazon:0471120626,isbn:9780471120629,google:ImUPAQAAMAAJ},
  ISBN                     = {978-04-7112-062-9}
}

@Book{SheldonM.Ross335,
  Title                    = {{Introduction to Probability Models}},
  Author                   = {Ross, Sheldon M.},
  Publisher                = {Elsevier},
  Year                     = {1972},
  Month                    = {Nov},

  Identifiers              = {isbn:9780123814456,google:aHsw4F2rsaYC},
  ISBN                     = {978-01-2381-445-6}
}

@Book{HalseyRoyden44,
  Title                    = {{Real Analysis}},
  Author                   = {Royden, Halsey and Fitzpatrick, Patrick},
  Publisher                = {Pearson},
  Year                     = {2010},
  Month                    = {Jan},

  Identifiers              = {amazon:013143747X,isbn:9780131437470,google:0Y5fAAAACAAJ},
  ISBN                     = {978-01-3143-747-0}
}

@Book{H.L.Royden408,
  Title                    = {{Real Analysis}},
  Author                   = {Royden, H. L.},
  Publisher                = {Macmillan},
  Year                     = {1968},
  Month                    = {Jan},

  Identifiers              = {isbn:9780024041517,google:J4k\_AQAAIAAJ},
  ISBN                     = {978-00-2404-151-7}
}

@Book{WalterRudin409,
  Title                    = {{Functional Analysis}},
  Author                   = {Rudin, Walter},
  Publisher                = {McGraw-Hill},
  Year                     = {1991},
  Month                    = {Jan},

  Identifiers              = {amazon:0070542368,isbn:9780070542365,google:Sh\_vAAAAMAAJ},
  ISBN                     = {978-00-7054-236-5}
}

@Book{WalterRudin301,
  Title                    = {{Real and Complex Analysis}},
  Author                   = {Rudin, Walter},
  Publisher                = {McGraw-Hill},
  Year                     = {1986},
  Month                    = {Jan},

  Identifiers              = {isbn:9780071002769,google:NmW7QgAACAAJ},
  ISBN                     = {978-00-7100-276-9}
}

@Book{WalterRudin331,
  Title                    = {{Principles of Mathematical Analysis}},
  Author                   = {Rudin, Walter},
  Publisher                = {McGraw-Hill},
  Year                     = {1976},
  Month                    = {Jan},

  Identifiers              = {amazon:007054235X,isbn:9780070542358,google:PzynSwAACAAJ},
  ISBN                     = {978-00-7054-235-8}
}

@Book{ClaudiodeJ.PitaRuiz148,
  Title                    = {{C�lculo vectorial}},
  Author                   = {Ruiz, Claudio de J. Pita},
  Publisher                = {Prentice Hall Hispanoamericana, S.A.},
  Year                     = {1995},
  Month                    = {Oct},

  Identifiers              = {isbn:9789688805299,google:DtlbNQAACAAJ},
  ISBN                     = {978-96-8880-529-9}
}

@Book{IosifMoiseevichRyzhik97,
  Title                    = {{Table of Integrals, Series and Products}},
  Author                   = {Ryzhik, Iosif Moiseevich and Jeffrey, Alan and Zwillinger, Daniel},
  Publisher                = {Academic Press},
  Year                     = {1990},
  Month                    = {Jan},

  Identifiers              = {amazon:0123736374,isbn:9780123736376,google:aBgFYxKHUjsC},
  ISBN                     = {978-01-2373-637-6}
}

@Book{ErnestoSabato63,
  Title                    = {{The Tunnel}},
  Author                   = {Sabato, Ernesto},
  Publisher                = {Ballantine Books},
  Year                     = {1991},
  Month                    = {Sep},

  Identifiers              = {amazon:0345373774,isbn:9780141964058,google:mOXfnQEACAAJ},
  ISBN                     = {978-01-4196-405-8}
}

@Book{JosephLaSalle174,
  Title                    = {{Stability by Liapunov's Direct Method With Applications}},
  Author                   = {Salle, Joseph La},
  Publisher                = {Academic Press},
  Year                     = {1967},
  Month                    = {Jun},

  Identifiers              = {amazon:B000S07R62,asin:B000S07R62}
}

@Book{JasonSanders237,
  Title                    = {{CUDA by Example: An Introduction to General-Purpose GPU Programming}},
  Author                   = {Sanders, Jason and Kandrot, Edward},
  Publisher                = {Addison-Wesley Professional},
  Year                     = {2010},
  Month                    = {Jul},

  Identifiers              = {amazon:0131387685,isbn:9780131387683,google:Om8JRAAACAAJ},
  ISBN                     = {978-01-3138-768-3}
}

@Book{J.M.Sanz-Serna382,
  Title                    = {{Numerical Hamiltonian Problems}},
  Author                   = {Sanz-Serna, J. M. and Calvo, M. P.},
  Publisher                = {Chapman \& Hall},
  Year                     = {1994},
  Month                    = {May},

  Identifiers              = {amazon:0412542900,isbn:9780412542909,google:iUjvAAAAMAAJ},
  ISBN                     = {978-04-1254-290-9}
}

@Book{AndreySarychev214,
  Title                    = {{Mathematical Control Theory and Finance}},
  Author                   = {Sarychev, Andrey and Shiryaev, Albert and Guerra, Manuel and Grossinho, Maria Do Ros{\'a}rio},
  Publisher                = {Springer},
  Year                     = {2008},
  Month                    = {Sep},

  Identifiers              = {amazon:3540695311,isbn:9783540695318,google:VDO8NAEACAAJ},
  ISBN                     = {978-35-4069-531-8}
}

@Book{AkiraSatoh192,
  Title                    = {{Introduction to Practice of Molecular Simulation: Molecular Dynamics, Monte Carlo, Brownian Dynamics, Lattice Boltzmann and Dissipative Particle Dynamics}},
  Author                   = {Satoh, Akira},
  Publisher                = {Elsevier},
  Year                     = {2010},
  Month                    = {Dec},

  Identifiers              = {amazon:0123851483,isbn:9780123851482,google:UA4alAEACAAJ},
  ISBN                     = {978-01-2385-148-2}
}

@Book{KarenSaxe12,
  Title                    = {{Beginning Functional Analysis}},
  Author                   = {Saxe, Karen},
  Publisher                = {Springer},
  Year                     = {2002},
  Month                    = {Jan},

  Identifiers              = {amazon:1441929142,isbn:9780387952246,google:QALoZC64ea0C},
  ISBN                     = {978-03-8795-224-6}
}

@Book{HarryMoritzSchey365,
  Title                    = {{Div, Grad, Curl, and All That: An Informal Text on Vector Calculus}},
  Author                   = {Schey, Harry Moritz},
  Publisher                = {W W Norton \& Company Incorporated},
  Year                     = {1997},
  Month                    = {Dec},

  Identifiers              = {isbn:9780393969979,google:xP2UQgAACAAJ},
  ISBN                     = {978-03-9396-997-9}
}

@Book{TamarSchlick270,
  Title                    = {{Molecular Modeling and Simulation: An Interdisciplinary Guide}},
  Author                   = {Schlick, Tamar},
  Publisher                = {Springer},
  Year                     = {2010},
  Month                    = {Aug},

  Identifiers              = {amazon:1441963502,isbn:9781441963505,google:IPLljwEACAAJ},
  ISBN                     = {978-14-4196-350-5}
}

@Book{ZeevSchuss28,
  Title                    = {{Theory and Applications of Stochastic Processes: An Analytical Approach}},
  Author                   = {Schuss, Zeev},
  Publisher                = {Springer},
  Year                     = {2009},
  Month                    = {Dec},

  Identifiers              = {amazon:1441916040,isbn:9781441916044,google:foH0MQEACAAJ},
  ISBN                     = {978-14-4191-604-4}
}

@Book{ZeevSchuss27,
  Title                    = {{Theory and Applications of Stochastic Differential Equations}},
  Author                   = {Schuss, Zeev},
  Publisher                = {Wiley},
  Year                     = {1980},
  Month                    = {Oct},

  Identifiers              = {amazon:047104394X,isbn:9780471043942,google:RexQAAAAMAAJ},
  ISBN                     = {978-04-7104-394-2}
}

@Book{LeonidShaikhet15,
  Title                    = {{Lyapunov Functionals and Stability of Stochastic Difference Equations}},
  Author                   = {Shaikhet, Leonid},
  Publisher                = {Springer},
  Year                     = {2011},
  Month                    = {Jun},

  Identifiers              = {amazon:0857296841,isbn:9780857296849,google:U16qjwEACAAJ},
  ISBN                     = {978-08-5729-684-9}
}

@Book{RamiShakarchi21,
  Title                    = {{Problems and Solutions for Undergradute Analysis}},
  Author                   = {Shakarchi, Rami},
  Publisher                = {Springer},
  Year                     = {1997},
  Month                    = {Dec},

  Identifiers              = {amazon:0387982353,isbn:9780387982359,google:YF\_IZNMgjFcC},
  ISBN                     = {978-03-8798-235-9}
}

@Book{LawrenceF.Shampine251,
  Title                    = {{Fundamentals of Numerical Computing}},
  Author                   = {Shampine, Lawrence F. and Allen, Richard C. and Pruess, Steven},
  Publisher                = {Wiley},
  Year                     = {1997},
  Month                    = {Apr},

  Identifiers              = {amazon:0471163635,isbn:9780471163633,google:XwRRAAAAMAAJ},
  ISBN                     = {978-04-7116-363-3}
}

@Book{L.F.Shampine75,
  Title                    = {{Solving ODEs With MATLAB}},
  Author                   = {Shampine, L. F. and Gladwell, I. and Thompson, S.},
  Publisher                = {Cambridge University Press},
  Year                     = {2003},
  Month                    = {Apr},

  Identifiers              = {amazon:B008SLQO4O,isbn:9780521530941,google:P4-9gcpqQ\_AC},
  ISBN                     = {978-05-2153-094-1}
}

@Book{AlbertN.Shiryaev347,
  Title                    = {{Probability}},
  Author                   = {Shiryaev, Albert N. and Boas, R. P.},
  Publisher                = {Springer},
  Year                     = {1995},
  Month                    = {Dec},

  Identifiers              = {amazon:0387945490,isbn:9780387945491,google:5HkhhlQ6Oe8C},
  ISBN                     = {978-03-8794-549-1}
}

@Book{AlbertN.Shiryaev348,
  Title                    = {{Stochastic Finance}},
  Author                   = {Shiryaev, Albert N. and Grossinho, Maria Do Ros{\'a}rio and Oliveira, Paulo E. and Esqu{\'i}vel, Manuel L.},
  Publisher                = {Springer},
  Year                     = {2005},
  Month                    = {Oct},

  Identifiers              = {amazon:0387282629,isbn:9780387282626,google:ubv1lH2NLPkC},
  ISBN                     = {978-03-8728-262-6}
}

@Book{AlbertN.Shiryaev349,
  Title                    = {{Essentials of Stochastic Finance: Facts, Models, Theory}},
  Author                   = {Shiryaev, Albert N. and Kruzhilin, N.},
  Publisher                = {World Scientific Publishing Company},
  Year                     = {1999},
  Month                    = {Jan},

  Identifiers              = {amazon:9810236050,isbn:9789810236052,google:oiIG5FmJxWgC},
  ISBN                     = {978-98-1023-605-2}
}

@Book{RobertH.Shumway241,
  Title                    = {{Time Series Analysis and Its Applications: With R Examples}},
  Author                   = {Shumway, Robert H. and Stoffer, David S.},
  Publisher                = {Springer},
  Year                     = {2006},
  Month                    = {Jan},

  Identifiers              = {amazon:144197864X,isbn:9781441978646,google:dbS5IQ8P5gYC},
  ISBN                     = {978-14-4197-864-6}
}

@Book{JulianSmart486,
  Title                    = {{Cross-Platform GUI Programming With WxWidgets}},
  Author                   = {Smart, Julian},
  Publisher                = {Prentice Hall},
  Year                     = {2005},
  Month                    = {Aug},

  Identifiers              = {amazon:0131473816,isbn:9780131473812,google:Z1c8mQEACAAJ},
  ISBN                     = {978-01-3147-381-2}
}

@Book{CameronSmith108,
  Title                    = {{The Mathematica Graphics Guidebook}},
  Author                   = {Smith, Cameron},
  Publisher                = {Addison-Wesley},
  Year                     = {1995},
  Month                    = {Jun},

  Identifiers              = {isbn:9780201826562,google:DJKwQgAACAAJ},
  ISBN                     = {978-02-0182-656-2}
}

@Book{HalSmith112,
  Title                    = {{An Introduction to Delay Differential Equations With Applications to the Life Sciences (Texts in Applied Mathematics)}},
  Author                   = {Smith, Hal},
  Publisher                = {Springer},
  Year                     = {2010},
  Month                    = {Oct},

  Identifiers              = {amazon:1441976450,isbn:9781441976451},
  ISBN                     = {978-14-4197-645-1}
}

@Book{MichaelSpivak377,
  Title                    = {{Calculus on Manifolds: A Modern Approach to Classical Theorems of Advanced Calculus}},
  Author                   = {Spivak, Michael},
  Publisher                = {Westview Press},
  Year                     = {1998},
  Month                    = {Jan},

  Identifiers              = {isbn:9780805390216,google:POIJJJcCyUkC},
  ISBN                     = {978-08-0539-021-6}
}

@Book{MichaelSpivak376,
  Title                    = {{Answer Book to Calculus}},
  Author                   = {Spivak, Michael},
  Publisher                = {Publish or Perish},
  Year                     = {1996},
  Month                    = {Jan},

  Identifiers              = {isbn:9780914098904,google:\_0cfAAAACAAJ},
  ISBN                     = {978-09-1409-890-4}
}

@Book{MichaelSpivak403,
  Title                    = {{Calculus}},
  Author                   = {Spivak, Michael},
  Publisher                = {Publish or Perish},
  Year                     = {1967},
  Month                    = {Jan},

  Identifiers              = {isbn:9780914098898,google:xU2QQgAACAAJ},
  ISBN                     = {978-09-1409-889-8}
}

@Book{RichardStallman374,
  Title                    = {{GNU Emacs manual}},
  Author                   = {Stallman, Richard},
  Publisher                = {Free Software Foundation},
  Year                     = {2007},
  Month                    = {Aug},

  Identifiers              = {isbn:9781882114863},
  ISBN                     = {978-18-8211-486-3}
}

@Book{EliasM.Stein373,
  Title                    = {{Singular Integrals and Differentiability Properties of Functions.}},
  Author                   = {Stein, Elias M.},
  Publisher                = {Princeton University Press},
  Year                     = {1970},
  Month                    = {Feb},

  Identifiers              = {amazon:0691080798,isbn:9780691080796,google:sAWpsmkqziEC},
  ISBN                     = {978-06-9108-079-6}
}

@Book{EliasM.Stein381,
  Title                    = {{Real Analysis: Measure Theory, Integration, and Hilbert Spaces}},
  Author                   = {Stein, Elias M. and Shakarchi, Rami},
  Publisher                = {Princeton University Press},
  Year                     = {2005},
  Month                    = {Mar},

  Identifiers              = {amazon:0691113866,isbn:9780691113869},
  ISBN                     = {978-06-9111-386-9}
}

@Book{EliasM.Stein372,
  Title                    = {{Fourier Analysis: An Introduction}},
  Author                   = {Stein, Elias M. and Shakarchi, Rami},
  Publisher                = {Princeton University Press},
  Year                     = {2003},
  Month                    = {Mar},

  Identifiers              = {amazon:069111384X,isbn:9781400831234,google:FAOc24bTfGkC},
  ISBN                     = {978-14-0083-123-4}
}

@Book{SergeyS.Stepanov342,
  Title                    = {{Stochastic World}},
  Author                   = {Stepanov, Sergey S.},
  Publisher                = {Springer Science \& Business},
  Year                     = {2013},
  Month                    = {Jun},

  Identifiers              = {isbn:9783319000718,google:JcBDAAAAQBAJ},
  ISBN                     = {978-33-1900-071-8}
}

@Book{G.W.Stewart202,
  Title                    = {{Matrix Algorithms: Volume 1, Basic Decompositions}},
  Author                   = {Stewart, G. W.},
  Publisher                = {SIAM},
  Year                     = {1998},
  Month                    = {Aug},

  Identifiers              = {amazon:0898715032,isbn:9780898714142,google:wqRARX3MXxQC},
  ISBN                     = {978-08-9871-414-2}
}

@Book{DavidStirzaker168,
  Title                    = {{Stochastic Processes and Models}},
  Author                   = {Stirzaker, David},
  Publisher                = {Oxford University Press, USA},
  Year                     = {2005},
  Month                    = {Sep},

  Identifiers              = {amazon:0198568134,isbn:9780198568131,google:nw1YNPWq0HwC},
  ISBN                     = {978-01-9856-813-1}
}

@Book{J.Stoer393,
  Title                    = {{Introduction to Numerical Analysis}},
  Author                   = {Stoer, J. and Bulirsch, R. and Bartels, R. and Gautschi, W. and Witzgall, C.},
  Publisher                = {Springer},
  Year                     = {2010},
  Month                    = {Dec},

  Identifiers              = {amazon:144193006X,isbn:9781441930064,google:vUmIcgAACAAJ},
  ISBN                     = {978-14-4193-006-4}
}

@Book{GilbertStrang417,
  Title                    = {{Linear algebra and its applications}},
  Author                   = {Strang, Gilbert},
  Publisher                = {Harcourt, Brace, Jovanovich, Publishers},
  Year                     = {1988},
  Month                    = {Mar},

  Identifiers              = {isbn:9780155510050},
  ISBN                     = {978-01-5551-005-0}
}

@Book{HelmutStrasser370,
  Title                    = {{Mathematical Theory of Statistics: Statistical Experiments and Asymptotic Decision Theory}},
  Author                   = {Strasser, Helmut},
  Publisher                = {W. de Gruyter},
  Year                     = {1985},
  Month                    = {Nov},

  Identifiers              = {amazon:3110102587,isbn:9780899250281,google:4hbvAAAAMAAJ},
  ISBN                     = {978-08-9925-028-1}
}

@Book{RobertS.Strichartz315,
  Title                    = {{The Way of Analysis}},
  Author                   = {Strichartz, Robert S.},
  Publisher                = {Jones \& Bartlett Learning},
  Year                     = {2000},
  Month                    = {May},

  Identifiers              = {amazon:0763714976,isbn:9780763714970,google:Yix09oVvI1IC},
  ISBN                     = {978-07-6371-497-0}
}

@Book{JohnStrikwerda311,
  Title                    = {{Finite Difference Schemes and Partial Differential Equations}},
  Author                   = {Strikwerda, John},
  Publisher                = {SIAM},
  Year                     = {2004},
  Month                    = {Apr},

  Identifiers              = {amazon:0898715679,isbn:9780898715675,google:SH8R\_flZBGIC},
  ISBN                     = {978-08-9871-567-5}
}

@Book{StevenH.Strogatz2,
  Title                    = {{Nonlinear Dynamics and Chaos: With Applications to Physics, Biology, Chemistry, and Engineering}},
  Author                   = {Strogatz, Steven H.},
  Publisher                = {Westview Press},
  Year                     = {1994},
  Month                    = {Mar},

  Identifiers              = {amazon:0738204536,isbn:9780738204536,google:FIYHiBLWCJMC},
  ISBN                     = {978-07-3820-453-6}
}

@Book{StevenH.Strogatz3,
  Title                    = {{Nonlinear Dynamics and Chaos: With Applications to Physics, Biology, Chemistry and Engineering}},
  Author                   = {Strogatz, Steven H.},
  Publisher                = {Westview Press},
  Year                     = {1994},
  Month                    = {Apr},

  Identifiers              = {amazon:0738204536,isbn:9780201543445},
  ISBN                     = {978-02-0154-344-5}
}

@Book{KarlR.Stromberg80,
  Title                    = {{Introduction to Classical Real Analysis}},
  Author                   = {Stromberg, Karl R.},
  Publisher                = {Wadsworth, Inc.},
  Year                     = {1981},
  Month                    = {Jan},

  Identifiers              = {amazon:0534980120,isbn:9780534980122,google:xSzvAAAAMAAJ},
  ISBN                     = {978-05-3498-012-2}
}

@Book{DanielW.Stroock296,
  Title                    = {{An Introduction to Markov Processes}},
  Author                   = {Stroock, Daniel W.},
  Publisher                = {Springer},
  Year                     = {2005},
  Month                    = {Mar},

  Identifiers              = {amazon:3540234519,isbn:9783540234999,google:AuALnZ1MgBwC},
  ISBN                     = {978-35-4023-499-9}
}

@Book{DanielWStroock286,
  Title                    = {{A Concise Introduction to the Theory of Integration}},
  Author                   = {Stroock, Daniel W},
  Publisher                = {Wspc},
  Year                     = {1990},
  Month                    = {Mar},

  Identifiers              = {amazon:9810201451,isbn:9780817637590,google:Ki3vAAAAMAAJ},
  ISBN                     = {978-08-1763-759-0}
}

@Book{D.W.Stroock53,
  Title                    = {{Lectures on Topics in Stochastic Differential Equations}},
  Author                   = {Stroock, D. W. and Karmakar, S.},
  Publisher                = {Springer},
  Year                     = {1982},
  Month                    = {Nov},

  Identifiers              = {amazon:3540115498,isbn:9783540115496,google:RwrvAAAAMAAJ},
  ISBN                     = {978-35-4011-549-6}
}

@Book{DanielW.Stroock295,
  Title                    = {{Multidimensional Diffusion Processes}},
  Author                   = {Stroock, Daniel W. and Varadhan, S. R. S.},
  Publisher                = {Springer},
  Year                     = {2005},
  Month                    = {Dec},

  Identifiers              = {amazon:3540289984,isbn:9783540289982,google:6C2XMgEACAAJ},
  ISBN                     = {978-35-4028-998-2}
}

@Book{StrunkWilliam167,
  Title                    = {{THE ELEMENTS OF STYLE (UPDATED 2011 EDITION) The All-Time Bestselling Book on Writing English Newly Edited (Special 2011 Edition) The Elements of Style OVER 10 MILLION COPIES SOLD! [Revised]}},
  Author                   = {Strunk, William and {Strunk Junior}, William and {William Strunk}, The Elements of Style by and Press, The Elements of Style and Hong, Chris},
  Publisher                = {The Elements of Style Press},
  Year                     = {2011},
  Month                    = {Jun},

  Identifiers              = {mobi-asin:B0058I7TFI}
}

@Book{EllenSwanson206,
  Title                    = {{Mathematics Into Type}},
  Author                   = {Swanson, Ellen and O'Sean, Arlene},
  Publisher                = {Amer Mathematical Society},
  Year                     = {1999},
  Month                    = {May},

  Identifiers              = {amazon:0821819615,isbn:9780821819616},
  ISBN                     = {978-08-2181-961-6}
}

@Book{EllenSwanson415,
  Title                    = {{Mathematics Into Type}},
  Author                   = {Swanson, Ellen and O'Sean, Arlene},
  Publisher                = {Amer Mathematical Society},
  Year                     = {1999},
  Month                    = {May},

  Identifiers              = {amazon:0821819615,isbn:9780821819616},
  ISBN                     = {978-08-2181-961-6}
}

@Book{RobertoSzechtman328,
  Title                    = {{Solutions Manual to Accompany Introduction to Operations Research - 7th Edition.}},
  Author                   = {Szechtman, Roberto and Schmedders, Karl and Hillier, Frederick S. and Stephens, Molly and Lieberman, Gerald J.},
  Publisher                = {McGraw-Hill},
  Year                     = {2001},
  Month                    = {Jan},

  Identifiers              = {amazon:0072321717,isbn:9780072321715,google:MsJqPQAACAAJ},
  ISBN                     = {978-00-7232-171-5}
}

@Book{HowardM.Taylor255,
  Title                    = {{An Introduction to Stochastic Modeling}},
  Author                   = {Taylor, Howard M. and Karlin, Samuel},
  Publisher                = {Academic Press},
  Year                     = {1984},
  Month                    = {Jan},

  Identifiers              = {amazon:0126848874,isbn:9780126848878,google:UtPgVrVthF8C},
  ISBN                     = {978-01-2684-887-8}
}

@Book{SamuelJamesTaylor26,
  Title                    = {{Introduction to Measure and Integration}},
  Author                   = {Taylor, Samuel James},
  Publisher                = {CUP Archive},
  Year                     = {1973},
  Month                    = {Dec},

  Identifiers              = {isbn:9780521098045},
  ISBN                     = {978-05-2109-804-5}
}

@Book{ValeryI.Klyatskin1988ResearchProfessorOfTheoretical480,
  Title                    = {{Dynamics of Stochastic Systems}},
  Author                   = {Theoretical, Valery I. Klyatskin 1988 Research Professor Of and Physical, Mathematical Physics Russian Academy Of Science;1977 D. Sc. In and Physical, Mathematical Sciences Acoustical Institute Russian Academy Of Science;1968 Ph.d. In and Physics, Mathematical Sciences Institute Of Atmospheric Physics Russian Academy Of Science;1964 M.sc. In Theoretical Physics Moscow Institute Of and (fiztex)., Technology},
  Publisher                = {Elsevier Science},
  Year                     = {2005},
  Month                    = {Dec},

  Identifiers              = {amazon:0444517960,isbn:9780444517968},
  ISBN                     = {978-04-4451-796-8}
}

@Book{HenkC.Tijms135,
  Title                    = {{A First Course in Stochastic Models}},
  Author                   = {Tijms, Henk C.},
  Publisher                = {Wiley},
  Year                     = {2003},
  Month                    = {Apr},

  Identifiers              = {amazon:0471498807,isbn:9780471498803,google:RK9yFrNxom8C},
  ISBN                     = {978-04-7149-880-3}
}

@Book{A.F.Timan46,
  Title                    = {{Theory of Approximation of Functions of a Real Variable}},
  Author                   = {Timan, A. F.},
  Publisher                = {Dover Publications},
  Year                     = {1963},
  Month                    = {Feb},

  Identifiers              = {amazon:0486495434,isbn:9780486678306,google:JlJvzgQf\_2IC},
  ISBN                     = {978-04-8667-830-6}
}

@Book{SandroTosi239,
  Title                    = {{Matplotlib for Python Developers}},
  Author                   = {Tosi, Sandro},
  Publisher                = {Packt Publishing},
  Year                     = {2009},
  Month                    = {Oct},

  Identifiers              = {amazon:1847197906,isbn:9781847197900,google:dfOlQQAACAAJ},
  ISBN                     = {978-18-4719-790-0}
}

@Book{MarkTuckerman290,
  Title                    = {{Statistical Mechanics: Theory and Molecular Simulation}},
  Author                   = {Tuckerman, Mark},
  Publisher                = {OUP Oxford},
  Year                     = {2010},
  Month                    = {Feb},

  Identifiers              = {amazon:0198525265,isbn:9780198525264,google:cp5HmAEACAAJ},
  ISBN                     = {978-01-9852-526-4}
}

@Book{TynMyintU.196,
  Title                    = {{Linear partial differential equations for scientists and engineers}},
  Author                   = {U., Tyn Myint and Debnath, Lokenath},
  Publisher                = {Springer},
  Year                     = {2007},
  Month                    = {Feb},

  Identifiers              = {isbn:9780817643935},
  ISBN                     = {978-08-1764-393-5}
}

@Book{S.R.S.Varadhan39,
  Title                    = {{Lectures on Diffusion Problems and Partial Differential Equations (Tata Institute Lectures on Mathematics and Physics)}},
  Author                   = {Varadhan, S. R. S. and Muthuramalingam, P. and Nanda, T. R.},
  Publisher                = {Springer},
  Year                     = {1980},
  Month                    = {Dec},

  Identifiers              = {amazon:3540087737,isbn:9783540087731},
  ISBN                     = {978-35-4008-773-1}
}

@Book{R.S.Varga298,
  Title                    = {{Functional Analysis and Approximation Theory in Numerical Analysis}},
  Author                   = {Varga, R. S.},
  Publisher                = {SIAM},
  Year                     = {1971},
  Month                    = {Mar},

  Identifiers              = {amazon:0898710030,isbn:9780898710038,google:hPzE1D6YWJoC},
  ISBN                     = {978-08-9871-003-8}
}

@Book{HerbertVoss283,
  Title                    = {{PSTricks}},
  Author                   = {Voss, Herbert},
  Publisher                = {Lehmanns Fachbuchh.},
  Year                     = {2007},
  Month                    = {May},

  Identifiers              = {isbn:9783865411754,google:u7mMMgAACAAJ},
  ISBN                     = {978-38-6541-175-4}
}

@Book{WolfgangWalter83,
  Title                    = {{Ordinary Differential Equations}},
  Author                   = {Walter, Wolfgang and Thompson, R.},
  Publisher                = {Springer},
  Year                     = {1998},
  Month                    = {May},

  Identifiers              = {amazon:0387984593,isbn:9780387984599,google:ZSK6LU\_z0wIC},
  ISBN                     = {978-03-8798-459-9}
}

@Book{PeterWalters332,
  Title                    = {{An Introduction to Ergodic Theory}},
  Author                   = {Walters, Peter},
  Publisher                = {Springer},
  Year                     = {1981},
  Month                    = {Jan},

  Identifiers              = {amazon:0387951520,isbn:9780387951522,google:eCoufOp7ONMC},
  ISBN                     = {978-03-8795-152-2}
}

@Book{S.Watanabe145,
  Title                    = {{Lectures on Stochastic Differential Equations and Malliavin Calculus}},
  Author                   = {Watanabe, S. and Watanabe, Shinzō and Rajeev, B.},
  Publisher                = {Springer},
  Year                     = {1984},
  Month                    = {Jan},

  Identifiers              = {amazon:3540128972,isbn:9783540128977,google:pqEZAQAAIAAJ},
  ISBN                     = {978-35-4012-897-7}
}

@Book{DavidS.Watkins218,
  Title                    = {{Fundamentals of Matrix Computations}},
  Author                   = {Watkins, David S.},
  Publisher                = {Wiley},
  Year                     = {2002},
  Month                    = {May},

  Identifiers              = {isbn:9780471213949,google:qHrokgEACAAJ},
  ISBN                     = {978-04-7121-394-9}
}

@Book{AlanJ.Weir109,
  Title                    = {{Lebesgue Integration and Measure}},
  Author                   = {Weir, Alan J.},
  Publisher                = {University Press},
  Year                     = {1973},
  Month                    = {Sep},

  Identifiers              = {isbn:0521087287},
  ISBN                     = {05-2108-728-7}
}

@Book{RichardL.Wheeden389,
  Title                    = {{Measure and Integral: An Introduction to Real Analysis}},
  Author                   = {Wheeden, Richard L. and Zygmund, Antoni},
  Publisher                = {M. Dekker},
  Year                     = {1977},
  Month                    = {Oct},

  Identifiers              = {amazon:0824764994,isbn:9780824764999,google:YDkDmQ\_hdmcC},
  ISBN                     = {978-08-2476-499-9}
}

@Book{GeraldBeresfordWhitham186,
  Title                    = {{Linear and nonlinear waves}},
  Author                   = {Whitham, Gerald Beresford},
  Publisher                = {Wiley},
  Year                     = {1974},
  Month                    = {Aug},

  Identifiers              = {isbn:9780471940906},
  ISBN                     = {978-04-7194-090-6}
}

@Book{StephenWiggins314,
  Title                    = {{Introduction to Applied Nonlinear Dynamical Systems and Chaos}},
  Author                   = {Wiggins, Stephen},
  Publisher                = {Springer},
  Year                     = {2003},
  Month                    = {Oct},

  Identifiers              = {amazon:1441918078,isbn:9780387001777,google:GYcOfuZDOKMC},
  ISBN                     = {978-03-8700-177-7}
}

@Book{DavidWilliams259,
  Title                    = {{Probability With Martingales}},
  Author                   = {Williams, David},
  Publisher                = {Cambridge University Press},
  Year                     = {1991},
  Month                    = {Feb},

  Identifiers              = {amazon:0521406056,isbn:9780521406055,google:RnOJeRpk0SEC},
  ISBN                     = {978-05-2140-605-5}
}

@Book{WillWilson471,
  Title                    = {{Simulating Ecological and Evolutionary Systems in C}},
  Author                   = {Wilson, Will},
  Publisher                = {Cambridge University Press},
  Year                     = {2000},
  Month                    = {Jun},

  Identifiers              = {amazon:0521776589,isbn:9780521776585,google:GnXctxBmXoEC},
  ISBN                     = {978-05-2177-658-5}
}

@Book{GaryL.Wise254,
  Title                    = {{Counterexamples in Probability and Real Analysis}},
  Author                   = {Wise, Gary L. and Hall, Eric B.},
  Publisher                = {Oxford University Press},
  Year                     = {1993},
  Month                    = {Feb},

  Identifiers              = {amazon:0195070682,isbn:9780195070682,google:CPRCD\_XLVIwC},
  ISBN                     = {978-01-9507-068-2}
}

@Book{RoderickWong353,
  Title                    = {{Asymptotic Approximation of Integrals}},
  Author                   = {Wong, Roderick},
  Publisher                = {SIAM},
  Year                     = {1989},
  Month                    = {Jan},

  Identifiers              = {amazon:0898714974,isbn:9780898714975,google:KQHPHPZs8k4C},
  ISBN                     = {978-08-9871-497-5}
}

@Book{J.Yeh79,
  Title                    = {{Real Analysis: Theory of Measure and Integration}},
  Author                   = {Yeh, J.},
  Publisher                = {World Scientific},
  Year                     = {2006},
  Month                    = {Feb},

  Identifiers              = {amazon:9812566546,isbn:9789812566546,google:Y1JfQgAACAAJ},
  ISBN                     = {978-98-1256-654-6}
}

@Book{KosakuYosida414,
  Title                    = {{Functional Analysis}},
  Author                   = {Yosida, Kosaku},
  Publisher                = {Springer},
  Year                     = {1980},
  Month                    = {Feb},

  Identifiers              = {amazon:3540586547,isbn:9783540102106,google:szbvAAAAMAAJ},
  ISBN                     = {978-35-4010-210-6}
}

@Book{EberhardZeidler458,
  Title                    = {{Nonlinear Functional Analysis and Its Applications: Fixed Point Theorems}},
  Author                   = {Zeidler, Eberhard},
  Publisher                = {Springer},
  Year                     = {1985},
  Month                    = {Jan},

  Identifiers              = {amazon:0387909141,isbn:9780387909141,google:tBrvAAAAMAAJ},
  ISBN                     = {978-03-8790-914-1}
}

@Book{E.Zeidler455,
  Title                    = {{Nonlinear Functional Analysis and Its Applications}},
  Author                   = {Zeidler, E. and Boron, Leo F.},
  Publisher                = {Springer},
  Year                     = {1989},
  Month                    = {Dec},

  Identifiers              = {amazon:0387968024,isbn:9780387968025,google:sk1M2Vw-Y24C},
  ISBN                     = {978-03-8796-802-5}
}

@Book{E.Zeidler459,
  Title                    = {{Nonlinear Functional Analysis and Its Applications: Part 2 B: Nonlinear Monotone Operators}},
  Author                   = {Zeidler, E. and Boron, Leo F.},
  Publisher                = {Springer},
  Year                     = {1989},
  Month                    = {Dec},

  Identifiers              = {amazon:038797167X,isbn:9780387971674,google:MFi9SkoK750C},
  ISBN                     = {978-03-8797-167-4}
}

@Book{E.Zeidler456,
  Title                    = {{Nonlinear Functional Analysis and Its Applications: III: Variational Methods and Optimization}},
  Author                   = {Zeidler, E. and Boron, L. F.},
  Publisher                = {Springer},
  Year                     = {1984},
  Month                    = {Nov},

  Identifiers              = {amazon:038790915X,isbn:9780387909158,google:whvvAAAAMAAJ},
  ISBN                     = {978-03-8790-915-8}
}

@Book{E.Zeidler457,
  Title                    = {{Nonlinear Functional Analysis and Its Applications: IV: Applications to Mathematical Physics}},
  Author                   = {Zeidler, E. and Quandt, J.},
  Publisher                = {Springer},
  Year                     = {1988},
  Month                    = {Mar},

  Identifiers              = {amazon:0387964991,isbn:9780387964997,google:jC4cSwAACAAJ},
  ISBN                     = {978-03-8796-499-7}
}

@Book{MounirZili244,
  Title                    = {{Stochastic Differential Equations and Processes: SAAP, Tunisia, October 7-9, 2010}},
  Author                   = {Zili, Mounir and Filatova, Darya V.},
  Publisher                = {Springer},
  Year                     = {2011},
  Month                    = {Sep},

  Identifiers              = {amazon:3642223672,isbn:9783642223679,google:udqPkgEACAAJ},
  ISBN                     = {978-36-4222-367-9}
}

@Book{DennisG.Zill215,
  Title                    = {{A First Course in Differential Equations With Modeling Applications}},
  Author                   = {Zill, Dennis G.},
  Publisher                = {CENGAGE Learning},
  Year                     = {2012},
  Month                    = {Mar},

  Identifiers              = {amazon:1111827052,isbn:9781111827052,google:IAL5ngEACAAJ},
  ISBN                     = {978-11-1182-705-2}
}

@Book{DennisG.Zill194,
  Title                    = {{A First Course in Complex Analysis}},
  Author                   = {Zill, Dennis G. and Shanahan, Patrick},
  Publisher                = {Jones \& Bartlett Learning},
  Year                     = {2003},
  Month                    = {Jan},

  Identifiers              = {amazon:0763757721,isbn:9780763714376,google:N71OLxhYfpkC},
  ISBN                     = {978-07-6371-437-6}
}

@Book{WilliamK.Zinsser33,
  Title                    = {{On Writing Well: The Classic Guide to Writing Nonfiction}},
  Author                   = {Zinsser, William K.},
  Publisher                = {Quill},
  Year                     = {2001},
  Month                    = {Sep},

  Identifiers              = {amazon:0060891548,isbn:9780060006648,google:ghYPpCkm2G4C},
  ISBN                     = {978-00-6000-664-8}
}

@Book{A.Zygmund67,
  Title                    = {{Trigonometric Series}},
  Author                   = {Zygmund, A. and Fefferman, Robert},
  Publisher                = {Cambridge University Press},
  Year                     = {2003},
  Month                    = {Feb},

  Identifiers              = {amazon:0521890535,isbn:9780521890533,google:W9AxAjSiIaUC},
  ISBN                     = {978-05-2189-053-3}
}

